2024-12-22 01:49:41.834 ,VHTD7MW0L8LP,,SELL,1000000,100-000,DONE,
2024-12-22 01:49:41.835 ,VHTD7MW0L8LP,,BUY,2000000,100-000,DONE,
2024-12-22 01:49:41.835 ,VHTD7MW0L8LP,,SELL,3000000,100-000,DONE,
2024-12-22 01:49:41.835 ,VHTD7MW0L8LP,,BUY,4000000,100-000,DONE,
2024-12-22 01:49:41.835 ,VHTD7MW0L8LP,,SELL,5000000,100-000,DONE,
2024-12-22 01:49:41.835 ,VHTD7MW0L8LP,,BUY,1000000,100-000,DONE,
2024-12-22 01:49:41.835 ,VHTD7MW0L8LP,,SELL,2000000,100-000,DONE,
2024-12-22 01:49:41.835 ,VHTD7MW0L8LP,,BUY,3000000,100-000,DONE,
2024-12-22 01:49:41.835 ,VHTD7MW0L8LP,,SELL,4000000,100-000,DONE,
2024-12-22 01:49:41.835 ,VHTD7MW0L8LP,,BUY,5000000,100-000,DONE,
2024-12-22 01:49:41.835 ,VHTD7MW0L8LP,,SELL,1000000,100-000,DONE,
2024-12-22 01:49:41.835 ,VHTD7MW0L8LP,,BUY,2000000,100-000,DONE,
2024-12-22 01:49:41.835 ,VHTD7MW0L8LP,,SELL,3000000,100-000,DONE,
2024-12-22 01:49:41.835 ,VHTD7MW0L8LP,,BUY,4000000,100-000,DONE,
2024-12-22 01:49:41.835 ,FOYWGZG1RMXL,,SELL,5000000,100-000,DONE,
2024-12-22 01:49:41.835 ,FOYWGZG1RMXL,,BUY,1000000,100-000,DONE,
2024-12-22 01:49:41.835 ,FOYWGZG1RMXL,,SELL,2000000,100-000,DONE,
2024-12-22 01:49:41.835 ,FOYWGZG1RMXL,,BUY,3000000,100-000,DONE,
2024-12-22 01:49:41.835 ,FOYWGZG1RMXL,,SELL,4000000,100-000,DONE,
2024-12-22 01:49:41.835 ,FOYWGZG1RMXL,,BUY,5000000,100-000,DONE,
2024-12-22 01:49:41.835 ,FOYWGZG1RMXL,,SELL,1000000,100-000,DONE,
2024-12-22 01:49:41.835 ,FOYWGZG1RMXL,,BUY,2000000,100-000,DONE,
2024-12-22 01:49:41.835 ,FOYWGZG1RMXL,,SELL,3000000,100-000,DONE,
2024-12-22 01:49:41.835 ,FOYWGZG1RMXL,,BUY,4000000,100-000,DONE,
2024-12-22 01:49:41.835 ,FOYWGZG1RMXL,,SELL,5000000,100-000,DONE,
2024-12-22 01:49:41.835 ,FOYWGZG1RMXL,,BUY,1000000,100-000,DONE,
2024-12-22 01:49:41.835 ,FOYWGZG1RMXL,,SELL,2000000,100-000,DONE,
2024-12-22 01:49:41.835 ,FOYWGZG1RMXL,,BUY,3000000,100-000,DONE,
2024-12-22 01:49:41.835 ,FOYWGZG1RMXL,,SELL,4000000,100-000,DONE,
2024-12-22 01:49:41.835 ,FOYWGZG1RMXL,,BUY,5000000,100-000,DONE,
2024-12-22 01:49:41.835 ,FOYWGZG1RMXL,,SELL,1000000,100-000,DONE,
2024-12-22 01:49:41.835 ,FOYWGZG1RMXL,,BUY,2000000,100-000,DONE,
2024-12-22 01:49:41.835 ,FOYWGZG1RMXL,,SELL,3000000,100-000,DONE,
2024-12-22 01:49:41.835 ,FOYWGZG1RMXL,,BUY,4000000,100-000,DONE,
2024-12-22 01:49:41.835 ,FOYWGZG1RMXL,,SELL,5000000,100-000,DONE,
2024-12-22 01:49:41.835 ,FOYWGZG1RMXL,,BUY,1000000,100-000,DONE,
2024-12-22 01:49:41.835 ,FOYWGZG1RMXL,,SELL,2000000,100-000,DONE,
2024-12-22 01:49:41.835 ,FOYWGZG1RMXL,,BUY,3000000,100-000,DONE,
2024-12-22 01:49:41.835 ,FOYWGZG1RMXL,,SELL,4000000,100-000,DONE,
2024-12-22 01:49:41.835 ,FOYWGZG1RMXL,,BUY,5000000,100-000,DONE,
2024-12-22 01:49:41.835 ,FOYWGZG1RMXL,,SELL,1000000,100-000,DONE,
2024-12-22 01:49:41.835 ,FOYWGZG1RMXL,,BUY,2000000,100-000,DONE,
2024-12-22 01:49:41.835 ,FOYWGZG1RMXL,,SELL,3000000,100-000,DONE,
2024-12-22 01:49:41.835 ,FOYWGZG1RMXL,,BUY,4000000,100-000,DONE,
2024-12-22 01:49:41.835 ,FOYWGZG1RMXL,,SELL,5000000,100-000,DONE,
2024-12-22 01:49:41.835 ,FOYWGZG1RMXL,,BUY,1000000,100-000,DONE,
2024-12-22 01:49:41.835 ,FOYWGZG1RMXL,,SELL,2000000,100-000,DONE,
2024-12-22 01:49:41.835 ,FOYWGZG1RMXL,,BUY,3000000,100-000,DONE,
2024-12-22 01:49:41.835 ,FOYWGZG1RMXL,,SELL,4000000,100-000,DONE,
2024-12-22 01:49:41.835 ,FOYWGZG1RMXL,,BUY,5000000,100-000,DONE,
2024-12-22 01:49:41.835 ,FOYWGZG1RMXL,,SELL,1000000,100-000,DONE,
2024-12-22 01:49:41.835 ,FOYWGZG1RMXL,,BUY,2000000,100-000,DONE,
2024-12-22 01:49:41.835 ,FOYWGZG1RMXL,,SELL,3000000,100-000,DONE,
2024-12-22 01:49:41.835 ,FOYWGZG1RMXL,,BUY,4000000,100-000,DONE,
2024-12-22 01:49:41.835 ,FOYWGZG1RMXL,,SELL,5000000,100-000,DONE,
2024-12-22 01:49:41.835 ,FOYWGZG1RMXL,,BUY,1000000,100-000,DONE,
2024-12-22 01:49:41.835 ,FOYWGZG1RMXL,,SELL,2000000,100-000,DONE,
2024-12-22 01:49:41.835 ,FOYWGZG1RMXL,,BUY,3000000,100-000,DONE,
2024-12-22 01:49:41.835 ,FOYWGZG1RMXL,,SELL,4000000,100-000,DONE,
2024-12-22 01:49:41.835 ,FOYWGZG1RMXL,,BUY,5000000,100-000,DONE,
2024-12-22 01:49:41.835 ,FOYWGZG1RMXL,,SELL,1000000,100-000,DONE,
2024-12-22 01:49:41.835 ,FOYWGZG1RMXL,,BUY,2000000,100-000,DONE,
2024-12-22 01:49:41.835 ,FOYWGZG1RMXL,,SELL,3000000,100-000,DONE,
2024-12-22 01:49:41.835 ,FOYWGZG1RMXL,,BUY,4000000,100-000,DONE,
2024-12-22 01:49:41.835 ,FOYWGZG1RMXL,,SELL,5000000,100-000,DONE,
2024-12-22 01:49:41.835 ,FOYWGZG1RMXL,,BUY,1000000,100-000,DONE,
2024-12-22 01:49:41.835 ,FOYWGZG1RMXL,,SELL,2000000,100-000,DONE,
2024-12-22 01:49:41.835 ,FOYWGZG1RMXL,,BUY,3000000,100-000,DONE,
2024-12-22 01:49:41.835 ,FOYWGZG1RMXL,,SELL,4000000,100-000,DONE,
2024-12-22 01:49:41.835 ,FOYWGZG1RMXL,,BUY,5000000,100-000,DONE,
2024-12-22 02:13:48.603 ,VQ8SWKGF7OOW,,SELL,1000000,100-000,DONE,
2024-12-22 02:13:48.603 ,VQ8SWKGF7OOW,,BUY,2000000,100-000,DONE,
2024-12-22 02:13:48.603 ,VQ8SWKGF7OOW,,SELL,3000000,100-000,DONE,
2024-12-22 02:13:48.603 ,VQ8SWKGF7OOW,,BUY,4000000,100-000,DONE,
2024-12-22 02:13:48.603 ,VQ8SWKGF7OOW,,SELL,5000000,100-000,DONE,
2024-12-22 02:13:48.603 ,VQ8SWKGF7OOW,,BUY,1000000,100-000,DONE,
2024-12-22 02:13:48.603 ,VQ8SWKGF7OOW,,SELL,2000000,100-000,DONE,
2024-12-22 02:13:48.603 ,VQ8SWKGF7OOW,,BUY,3000000,100-000,DONE,
2024-12-22 02:13:48.603 ,VQ8SWKGF7OOW,,SELL,4000000,100-000,DONE,
2024-12-22 02:13:48.603 ,VQ8SWKGF7OOW,,BUY,5000000,100-000,DONE,
2024-12-22 02:13:48.603 ,VQ8SWKGF7OOW,,SELL,1000000,100-000,DONE,
2024-12-22 02:13:48.603 ,4ROIG5XU6NVS,,BUY,2000000,100-000,DONE,
2024-12-22 02:13:48.603 ,4ROIG5XU6NVS,,SELL,3000000,100-000,DONE,
2024-12-22 02:13:48.603 ,4ROIG5XU6NVS,,BUY,4000000,100-000,DONE,
2024-12-22 02:13:48.603 ,4ROIG5XU6NVS,,SELL,5000000,100-000,DONE,
2024-12-22 02:13:48.603 ,4ROIG5XU6NVS,,BUY,1000000,100-000,DONE,
2024-12-22 02:13:48.603 ,4ROIG5XU6NVS,,SELL,2000000,100-000,DONE,
2024-12-22 02:13:48.603 ,4ROIG5XU6NVS,,BUY,3000000,100-000,DONE,
2024-12-22 02:13:48.603 ,4ROIG5XU6NVS,,SELL,4000000,100-000,DONE,
2024-12-22 02:13:48.603 ,4ROIG5XU6NVS,,BUY,5000000,100-000,DONE,
2024-12-22 02:13:48.603 ,4ROIG5XU6NVS,,SELL,1000000,100-000,DONE,
2024-12-22 02:13:48.603 ,4ROIG5XU6NVS,,BUY,2000000,100-000,DONE,
2024-12-22 02:13:48.603 ,4ROIG5XU6NVS,,SELL,3000000,100-000,DONE,
2024-12-22 02:13:48.603 ,4ROIG5XU6NVS,,BUY,4000000,100-000,DONE,
2024-12-22 02:13:48.603 ,4ROIG5XU6NVS,,SELL,5000000,100-000,DONE,
2024-12-22 02:13:48.603 ,4ROIG5XU6NVS,,BUY,1000000,100-000,DONE,
2024-12-22 02:13:48.603 ,4ROIG5XU6NVS,,SELL,2000000,100-000,DONE,
2024-12-22 02:13:48.603 ,4ROIG5XU6NVS,,BUY,3000000,100-000,DONE,
2024-12-22 02:13:48.603 ,4ROIG5XU6NVS,,SELL,4000000,100-000,DONE,
2024-12-22 02:13:48.603 ,4ROIG5XU6NVS,,BUY,5000000,100-000,DONE,
2024-12-22 02:13:48.603 ,4ROIG5XU6NVS,,SELL,1000000,100-000,DONE,
2024-12-22 02:13:48.603 ,4ROIG5XU6NVS,,BUY,2000000,100-000,DONE,
2024-12-22 02:13:48.603 ,4ROIG5XU6NVS,,SELL,3000000,100-000,DONE,
2024-12-22 02:13:48.603 ,4ROIG5XU6NVS,,BUY,4000000,100-000,DONE,
2024-12-22 02:13:48.603 ,4ROIG5XU6NVS,,SELL,5000000,100-000,DONE,
2024-12-22 02:13:48.603 ,4ROIG5XU6NVS,,BUY,1000000,100-000,DONE,
2024-12-22 02:13:48.603 ,4ROIG5XU6NVS,,SELL,2000000,100-000,DONE,
2024-12-22 02:13:48.603 ,4ROIG5XU6NVS,,BUY,3000000,100-000,DONE,
2024-12-22 02:13:48.603 ,4ROIG5XU6NVS,,SELL,4000000,100-000,DONE,
2024-12-22 02:13:48.603 ,4ROIG5XU6NVS,,BUY,5000000,100-000,DONE,
2024-12-22 02:13:48.603 ,4ROIG5XU6NVS,,SELL,1000000,100-000,DONE,
2024-12-22 02:13:48.603 ,4ROIG5XU6NVS,,BUY,2000000,100-000,DONE,
2024-12-22 02:13:48.603 ,4ROIG5XU6NVS,,SELL,3000000,100-000,DONE,
2024-12-22 02:13:48.603 ,4ROIG5XU6NVS,,BUY,4000000,100-000,DONE,
2024-12-22 02:13:48.604 ,4ROIG5XU6NVS,,SELL,5000000,100-000,DONE,
2024-12-22 02:13:48.604 ,4ROIG5XU6NVS,,BUY,1000000,100-000,DONE,
2024-12-22 02:13:48.604 ,4ROIG5XU6NVS,,SELL,2000000,100-000,DONE,
2024-12-22 02:13:48.604 ,4ROIG5XU6NVS,,BUY,3000000,100-000,DONE,
2024-12-22 02:13:48.604 ,4ROIG5XU6NVS,,SELL,4000000,100-000,DONE,
2024-12-22 02:13:48.604 ,4ROIG5XU6NVS,,BUY,5000000,100-000,DONE,
2024-12-22 02:13:48.604 ,4ROIG5XU6NVS,,SELL,1000000,100-000,DONE,
2024-12-22 02:13:48.604 ,4ROIG5XU6NVS,,BUY,2000000,100-000,DONE,
2024-12-22 02:13:48.604 ,4ROIG5XU6NVS,,SELL,3000000,100-000,DONE,
2024-12-22 02:13:48.604 ,4ROIG5XU6NVS,,BUY,4000000,100-000,DONE,
2024-12-22 02:13:48.604 ,4ROIG5XU6NVS,,SELL,5000000,100-000,DONE,
2024-12-22 02:13:48.604 ,4ROIG5XU6NVS,,BUY,1000000,100-000,DONE,
2024-12-22 02:13:48.604 ,4ROIG5XU6NVS,,SELL,2000000,100-000,DONE,
2024-12-22 02:13:48.604 ,4ROIG5XU6NVS,,BUY,3000000,100-000,DONE,
2024-12-22 02:13:48.604 ,4ROIG5XU6NVS,,SELL,4000000,100-000,DONE,
2024-12-22 02:13:48.604 ,4ROIG5XU6NVS,,BUY,5000000,100-000,DONE,
2024-12-22 02:13:48.604 ,4ROIG5XU6NVS,,SELL,1000000,100-000,DONE,
2024-12-22 02:13:48.604 ,4ROIG5XU6NVS,,BUY,2000000,100-000,DONE,
2024-12-22 02:13:48.604 ,4ROIG5XU6NVS,,SELL,3000000,100-000,DONE,
2024-12-22 02:13:48.604 ,4ROIG5XU6NVS,,BUY,4000000,100-000,DONE,
2024-12-22 02:13:48.604 ,4ROIG5XU6NVS,,SELL,5000000,100-000,DONE,
2024-12-22 02:13:48.604 ,4ROIG5XU6NVS,,BUY,1000000,100-000,DONE,
2024-12-22 02:13:48.604 ,4ROIG5XU6NVS,,SELL,2000000,100-000,DONE,
2024-12-22 02:13:48.604 ,4ROIG5XU6NVS,,BUY,3000000,100-000,DONE,
2024-12-22 02:13:48.604 ,4ROIG5XU6NVS,,SELL,4000000,100-000,DONE,
2024-12-22 02:13:48.604 ,4ROIG5XU6NVS,,BUY,5000000,100-000,DONE,
2024-12-22 02:23:29.053 ,041QPDD1ACR8,,SELL,1000000,100-000,DONE,
2024-12-22 02:23:29.054 ,041QPDD1ACR8,,BUY,2000000,100-000,DONE,
2024-12-22 02:23:29.054 ,041QPDD1ACR8,,SELL,3000000,100-000,DONE,
2024-12-22 02:23:29.054 ,041QPDD1ACR8,,BUY,4000000,100-000,DONE,
2024-12-22 02:23:29.054 ,041QPDD1ACR8,,SELL,5000000,100-000,DONE,
2024-12-22 02:23:29.054 ,041QPDD1ACR8,,BUY,1000000,100-000,DONE,
2024-12-22 02:23:29.054 ,041QPDD1ACR8,,SELL,2000000,100-000,DONE,
2024-12-22 02:23:29.054 ,041QPDD1ACR8,,BUY,3000000,100-000,DONE,
2024-12-22 02:23:29.054 ,041QPDD1ACR8,,SELL,4000000,100-000,DONE,
2024-12-22 02:23:29.054 ,041QPDD1ACR8,,BUY,5000000,100-000,DONE,
2024-12-22 02:23:29.054 ,041QPDD1ACR8,,SELL,1000000,100-000,DONE,
2024-12-22 02:23:29.054 ,041QPDD1ACR8,,BUY,2000000,100-000,DONE,
2024-12-22 02:23:29.054 ,041QPDD1ACR8,,SELL,3000000,100-000,DONE,
2024-12-22 02:23:29.054 ,041QPDD1ACR8,,BUY,4000000,100-000,DONE,
2024-12-22 02:23:29.054 ,041QPDD1ACR8,,SELL,5000000,100-000,DONE,
2024-12-22 02:23:29.054 ,041QPDD1ACR8,,BUY,1000000,100-000,DONE,
2024-12-22 02:23:29.054 ,041QPDD1ACR8,,SELL,2000000,100-000,DONE,
2024-12-22 02:23:29.054 ,041QPDD1ACR8,,BUY,3000000,100-000,DONE,
2024-12-22 02:23:29.054 ,041QPDD1ACR8,,SELL,4000000,100-000,DONE,
2024-12-22 02:23:29.054 ,041QPDD1ACR8,,BUY,5000000,100-000,DONE,
2024-12-22 02:23:29.054 ,041QPDD1ACR8,,SELL,1000000,100-000,DONE,
2024-12-22 02:23:29.054 ,041QPDD1ACR8,,BUY,2000000,100-000,DONE,
2024-12-22 02:23:29.054 ,041QPDD1ACR8,,SELL,3000000,100-000,DONE,
2024-12-22 02:23:29.054 ,041QPDD1ACR8,,BUY,4000000,100-000,DONE,
2024-12-22 02:23:29.054 ,041QPDD1ACR8,,SELL,5000000,100-000,DONE,
2024-12-22 02:23:29.054 ,041QPDD1ACR8,,BUY,1000000,100-000,DONE,
2024-12-22 02:23:29.054 ,041QPDD1ACR8,,SELL,2000000,100-000,DONE,
2024-12-22 02:23:29.054 ,041QPDD1ACR8,,BUY,3000000,100-000,DONE,
2024-12-22 02:23:29.054 ,041QPDD1ACR8,,SELL,4000000,100-000,DONE,
2024-12-22 02:23:29.054 ,041QPDD1ACR8,,BUY,5000000,100-000,DONE,
2024-12-22 02:23:29.054 ,041QPDD1ACR8,,SELL,1000000,100-000,DONE,
2024-12-22 02:23:29.054 ,041QPDD1ACR8,,BUY,2000000,100-000,DONE,
2024-12-22 02:23:29.054 ,041QPDD1ACR8,,SELL,3000000,100-000,DONE,
2024-12-22 02:23:29.054 ,041QPDD1ACR8,,BUY,4000000,100-000,DONE,
2024-12-22 02:23:29.054 ,041QPDD1ACR8,,SELL,5000000,100-000,DONE,
2024-12-22 02:23:29.054 ,041QPDD1ACR8,,BUY,1000000,100-000,DONE,
2024-12-22 02:23:29.054 ,041QPDD1ACR8,,SELL,2000000,100-000,DONE,
2024-12-22 02:23:29.054 ,041QPDD1ACR8,,BUY,3000000,100-000,DONE,
2024-12-22 02:23:29.054 ,041QPDD1ACR8,,SELL,4000000,100-000,DONE,
2024-12-22 02:23:29.054 ,041QPDD1ACR8,,BUY,5000000,100-000,DONE,
2024-12-22 02:23:29.054 ,041QPDD1ACR8,,SELL,1000000,100-000,DONE,
2024-12-22 02:23:29.054 ,041QPDD1ACR8,,BUY,2000000,100-000,DONE,
2024-12-22 02:23:29.054 ,041QPDD1ACR8,,SELL,3000000,100-000,DONE,
2024-12-22 02:23:29.054 ,041QPDD1ACR8,,BUY,4000000,100-000,DONE,
2024-12-22 02:23:29.054 ,041QPDD1ACR8,,SELL,5000000,100-000,DONE,
2024-12-22 02:23:29.054 ,041QPDD1ACR8,,BUY,1000000,100-000,DONE,
2024-12-22 02:23:29.054 ,041QPDD1ACR8,,SELL,2000000,100-000,DONE,
2024-12-22 02:23:29.054 ,041QPDD1ACR8,,BUY,3000000,100-000,DONE,
2024-12-22 02:23:29.054 ,041QPDD1ACR8,,SELL,4000000,100-000,DONE,
2024-12-22 02:23:29.054 ,041QPDD1ACR8,,BUY,5000000,100-000,DONE,
2024-12-22 02:23:29.054 ,041QPDD1ACR8,,SELL,1000000,100-000,DONE,
2024-12-22 02:23:29.054 ,041QPDD1ACR8,,BUY,2000000,100-000,DONE,
2024-12-22 02:23:29.054 ,041QPDD1ACR8,,SELL,3000000,100-000,DONE,
2024-12-22 02:23:29.054 ,041QPDD1ACR8,,BUY,4000000,100-000,DONE,
2024-12-22 02:23:29.054 ,041QPDD1ACR8,,SELL,5000000,100-000,DONE,
2024-12-22 02:23:29.054 ,041QPDD1ACR8,,BUY,1000000,100-000,DONE,
2024-12-22 02:23:29.054 ,041QPDD1ACR8,,SELL,2000000,100-000,DONE,
2024-12-22 02:23:29.054 ,041QPDD1ACR8,,BUY,3000000,100-000,DONE,
2024-12-22 02:23:29.054 ,041QPDD1ACR8,,SELL,4000000,100-000,DONE,
2024-12-22 02:23:29.054 ,041QPDD1ACR8,,BUY,5000000,100-000,DONE,
2024-12-22 02:23:29.054 ,041QPDD1ACR8,,SELL,1000000,100-000,DONE,
2024-12-22 02:23:29.054 ,041QPDD1ACR8,,BUY,2000000,100-000,DONE,
2024-12-22 02:23:29.054 ,041QPDD1ACR8,,SELL,3000000,100-000,DONE,
2024-12-22 02:23:29.054 ,041QPDD1ACR8,,BUY,4000000,100-000,DONE,
2024-12-22 02:23:29.054 ,041QPDD1ACR8,,SELL,5000000,100-000,DONE,
2024-12-22 02:23:29.054 ,041QPDD1ACR8,,BUY,1000000,100-000,DONE,
2024-12-22 02:23:29.054 ,041QPDD1ACR8,,SELL,2000000,100-000,DONE,
2024-12-22 02:23:29.054 ,041QPDD1ACR8,,BUY,3000000,100-000,DONE,
2024-12-22 02:23:29.054 ,041QPDD1ACR8,,SELL,4000000,100-000,DONE,
2024-12-22 02:23:29.054 ,041QPDD1ACR8,,BUY,5000000,100-000,DONE,
2024-12-22 03:22:35.407 ,KN5V62ZV0HKS,,SELL,1000000,100-000,DONE,
2024-12-22 03:22:35.407 ,KN5V62ZV0HKS,,BUY,2000000,100-000,DONE,
2024-12-22 03:22:35.407 ,KN5V62ZV0HKS,,SELL,3000000,100-000,DONE,
2024-12-22 03:22:35.407 ,KN5V62ZV0HKS,,BUY,4000000,100-000,DONE,
2024-12-22 03:22:35.407 ,KN5V62ZV0HKS,,SELL,5000000,100-000,DONE,
2024-12-22 03:22:35.407 ,KN5V62ZV0HKS,,BUY,1000000,100-000,DONE,
2024-12-22 03:22:35.407 ,KN5V62ZV0HKS,,SELL,2000000,100-000,DONE,
2024-12-22 03:22:35.407 ,KN5V62ZV0HKS,,BUY,3000000,100-000,DONE,
2024-12-22 03:22:35.407 ,KN5V62ZV0HKS,,SELL,4000000,100-000,DONE,
2024-12-22 03:22:35.407 ,KN5V62ZV0HKS,,BUY,5000000,100-000,DONE,
2024-12-22 03:22:35.407 ,KN5V62ZV0HKS,,SELL,1000000,100-000,DONE,
2024-12-22 03:22:35.407 ,KN5V62ZV0HKS,,BUY,2000000,100-000,DONE,
2024-12-22 03:22:35.407 ,KN5V62ZV0HKS,,SELL,3000000,100-000,DONE,
2024-12-22 03:22:35.407 ,KN5V62ZV0HKS,,BUY,4000000,100-000,DONE,
2024-12-22 03:22:35.407 ,KN5V62ZV0HKS,,SELL,5000000,100-000,DONE,
2024-12-22 03:22:35.407 ,KN5V62ZV0HKS,,BUY,1000000,100-000,DONE,
2024-12-22 03:22:35.407 ,KN5V62ZV0HKS,,SELL,2000000,100-000,DONE,
2024-12-22 03:22:35.407 ,KN5V62ZV0HKS,,BUY,3000000,100-000,DONE,
2024-12-22 03:22:35.407 ,KN5V62ZV0HKS,,SELL,4000000,100-000,DONE,
2024-12-22 03:22:35.407 ,KN5V62ZV0HKS,,BUY,5000000,100-000,DONE,
2024-12-22 03:22:35.407 ,KN5V62ZV0HKS,,SELL,1000000,100-000,DONE,
2024-12-22 03:22:35.407 ,KN5V62ZV0HKS,,BUY,2000000,100-000,DONE,
2024-12-22 03:22:35.407 ,KN5V62ZV0HKS,,SELL,3000000,100-000,DONE,
2024-12-22 03:22:35.407 ,KN5V62ZV0HKS,,BUY,4000000,100-000,DONE,
2024-12-22 03:22:35.407 ,KN5V62ZV0HKS,,SELL,5000000,100-000,DONE,
2024-12-22 03:22:35.407 ,KN5V62ZV0HKS,,BUY,1000000,100-000,DONE,
2024-12-22 03:22:35.407 ,KN5V62ZV0HKS,,SELL,2000000,100-000,DONE,
2024-12-22 03:22:35.407 ,KN5V62ZV0HKS,,BUY,3000000,100-000,DONE,
2024-12-22 03:22:35.407 ,KN5V62ZV0HKS,,SELL,4000000,100-000,DONE,
2024-12-22 03:22:35.407 ,KN5V62ZV0HKS,,BUY,5000000,100-000,DONE,
2024-12-22 03:22:35.407 ,KN5V62ZV0HKS,,SELL,1000000,100-000,DONE,
2024-12-22 03:22:35.407 ,KN5V62ZV0HKS,,BUY,2000000,100-000,DONE,
2024-12-22 03:22:35.407 ,KN5V62ZV0HKS,,SELL,3000000,100-000,DONE,
2024-12-22 03:22:35.407 ,KN5V62ZV0HKS,,BUY,4000000,100-000,DONE,
2024-12-22 03:22:35.408 ,KN5V62ZV0HKS,,SELL,5000000,100-000,DONE,
2024-12-22 03:22:35.408 ,KN5V62ZV0HKS,,BUY,1000000,100-000,DONE,
2024-12-22 03:22:35.408 ,KN5V62ZV0HKS,,SELL,2000000,100-000,DONE,
2024-12-22 03:22:35.408 ,KN5V62ZV0HKS,,BUY,3000000,100-000,DONE,
2024-12-22 03:22:35.408 ,KN5V62ZV0HKS,,SELL,4000000,100-000,DONE,
2024-12-22 03:22:35.408 ,KN5V62ZV0HKS,,BUY,5000000,100-000,DONE,
2024-12-22 03:22:35.408 ,IBCX8FWUZAAB,,SELL,1000000,100-000,DONE,
2024-12-22 03:22:35.408 ,IBCX8FWUZAAB,,BUY,2000000,100-000,DONE,
2024-12-22 03:22:35.408 ,IBCX8FWUZAAB,,SELL,3000000,100-000,DONE,
2024-12-22 03:22:35.408 ,IBCX8FWUZAAB,,BUY,4000000,100-000,DONE,
2024-12-22 03:22:35.408 ,IBCX8FWUZAAB,,SELL,5000000,100-000,DONE,
2024-12-22 03:22:35.408 ,IBCX8FWUZAAB,,BUY,1000000,100-000,DONE,
2024-12-22 03:22:35.408 ,IBCX8FWUZAAB,,SELL,2000000,100-000,DONE,
2024-12-22 03:22:35.408 ,IBCX8FWUZAAB,,BUY,3000000,100-000,DONE,
2024-12-22 03:22:35.408 ,IBCX8FWUZAAB,,SELL,4000000,100-000,DONE,
2024-12-22 03:22:35.408 ,IBCX8FWUZAAB,,BUY,5000000,100-000,DONE,
2024-12-22 03:22:35.408 ,IBCX8FWUZAAB,,SELL,1000000,100-000,DONE,
2024-12-22 03:22:35.408 ,IBCX8FWUZAAB,,BUY,2000000,100-000,DONE,
2024-12-22 03:22:35.408 ,IBCX8FWUZAAB,,SELL,3000000,100-000,DONE,
2024-12-22 03:22:35.408 ,IBCX8FWUZAAB,,BUY,4000000,100-000,DONE,
2024-12-22 03:22:35.408 ,IBCX8FWUZAAB,,SELL,5000000,100-000,DONE,
2024-12-22 03:22:35.408 ,IBCX8FWUZAAB,,BUY,1000000,100-000,DONE,
2024-12-22 03:22:35.408 ,IBCX8FWUZAAB,,SELL,2000000,100-000,DONE,
2024-12-22 03:22:35.408 ,IBCX8FWUZAAB,,BUY,3000000,100-000,DONE,
2024-12-22 03:22:35.408 ,IBCX8FWUZAAB,,SELL,4000000,100-000,DONE,
2024-12-22 03:22:35.408 ,IBCX8FWUZAAB,,BUY,5000000,100-000,DONE,
2024-12-22 03:22:35.408 ,IBCX8FWUZAAB,,SELL,1000000,100-000,DONE,
2024-12-22 03:22:35.408 ,IBCX8FWUZAAB,,BUY,2000000,100-000,DONE,
2024-12-22 03:22:35.408 ,IBCX8FWUZAAB,,SELL,3000000,100-000,DONE,
2024-12-22 03:22:35.408 ,IBCX8FWUZAAB,,BUY,4000000,100-000,DONE,
2024-12-22 03:22:35.408 ,IBCX8FWUZAAB,,SELL,5000000,100-000,DONE,
2024-12-22 03:22:35.408 ,IBCX8FWUZAAB,,BUY,1000000,100-000,DONE,
2024-12-22 03:22:35.408 ,IBCX8FWUZAAB,,SELL,2000000,100-000,DONE,
2024-12-22 03:22:35.408 ,IBCX8FWUZAAB,,BUY,3000000,100-000,DONE,
2024-12-22 03:22:35.408 ,IBCX8FWUZAAB,,SELL,4000000,100-000,DONE,
2024-12-22 03:22:35.408 ,IBCX8FWUZAAB,,BUY,5000000,100-000,DONE,
2024-12-22 03:26:03.486 ,3CHQWQKMOACV,,SELL,1000000,100-000,DONE,
2024-12-22 03:26:03.486 ,3CHQWQKMOACV,,BUY,2000000,100-000,DONE,
2024-12-22 03:26:03.486 ,3CHQWQKMOACV,,SELL,3000000,100-000,DONE,
2024-12-22 03:26:03.486 ,3CHQWQKMOACV,,BUY,4000000,100-000,DONE,
2024-12-22 03:26:03.486 ,3CHQWQKMOACV,,SELL,5000000,100-000,DONE,
2024-12-22 03:26:03.486 ,3CHQWQKMOACV,,BUY,1000000,100-000,DONE,
2024-12-22 03:26:03.486 ,3CHQWQKMOACV,,SELL,2000000,100-000,DONE,
2024-12-22 03:26:03.486 ,3CHQWQKMOACV,,BUY,3000000,100-000,DONE,
2024-12-22 03:26:03.486 ,3CHQWQKMOACV,,SELL,4000000,100-000,DONE,
2024-12-22 03:26:03.486 ,3CHQWQKMOACV,,BUY,5000000,100-000,DONE,
2024-12-22 03:26:03.486 ,3CHQWQKMOACV,,SELL,1000000,100-000,DONE,
2024-12-22 03:26:03.486 ,3CHQWQKMOACV,,BUY,2000000,100-000,DONE,
2024-12-22 03:26:03.486 ,3CHQWQKMOACV,,SELL,3000000,100-000,DONE,
2024-12-22 03:26:03.486 ,3CHQWQKMOACV,,BUY,4000000,100-000,DONE,
2024-12-22 03:26:03.486 ,3CHQWQKMOACV,,SELL,5000000,100-000,DONE,
2024-12-22 03:26:03.486 ,3CHQWQKMOACV,,BUY,1000000,100-000,DONE,
2024-12-22 03:26:03.486 ,3CHQWQKMOACV,,SELL,2000000,100-000,DONE,
2024-12-22 03:26:03.486 ,3CHQWQKMOACV,,BUY,3000000,100-000,DONE,
2024-12-22 03:26:03.486 ,3CHQWQKMOACV,,SELL,4000000,100-000,DONE,
2024-12-22 03:26:03.486 ,3CHQWQKMOACV,,BUY,5000000,100-000,DONE,
2024-12-22 03:26:03.486 ,3CHQWQKMOACV,,SELL,1000000,100-000,DONE,
2024-12-22 03:26:03.486 ,3CHQWQKMOACV,,BUY,2000000,100-000,DONE,
2024-12-22 03:26:03.486 ,3CHQWQKMOACV,,SELL,3000000,100-000,DONE,
2024-12-22 03:26:03.486 ,3CHQWQKMOACV,,BUY,4000000,100-000,DONE,
2024-12-22 03:26:03.486 ,3CHQWQKMOACV,,SELL,5000000,100-000,DONE,
2024-12-22 03:26:03.486 ,3CHQWQKMOACV,,BUY,1000000,100-000,DONE,
2024-12-22 03:26:03.486 ,3CHQWQKMOACV,,SELL,2000000,100-000,DONE,
2024-12-22 03:26:03.486 ,3CHQWQKMOACV,,BUY,3000000,100-000,DONE,
2024-12-22 03:26:03.486 ,3CHQWQKMOACV,,SELL,4000000,100-000,DONE,
2024-12-22 03:26:03.486 ,3CHQWQKMOACV,,BUY,5000000,100-000,DONE,
2024-12-22 03:26:03.486 ,3CHQWQKMOACV,,SELL,1000000,100-000,DONE,
2024-12-22 03:26:03.486 ,3CHQWQKMOACV,,BUY,2000000,100-000,DONE,
2024-12-22 03:26:03.486 ,3CHQWQKMOACV,,SELL,3000000,100-000,DONE,
2024-12-22 03:26:03.486 ,3CHQWQKMOACV,,BUY,4000000,100-000,DONE,
2024-12-22 03:26:03.486 ,3CHQWQKMOACV,,SELL,5000000,100-000,DONE,
2024-12-22 03:26:03.486 ,3CHQWQKMOACV,,BUY,1000000,100-000,DONE,
2024-12-22 03:26:03.486 ,3CHQWQKMOACV,,SELL,2000000,100-000,DONE,
2024-12-22 03:26:03.486 ,3CHQWQKMOACV,,BUY,3000000,100-000,DONE,
2024-12-22 03:26:03.486 ,3CHQWQKMOACV,,SELL,4000000,100-000,DONE,
2024-12-22 03:26:03.486 ,3CHQWQKMOACV,,BUY,5000000,100-000,DONE,
2024-12-22 03:26:03.486 ,3CHQWQKMOACV,,SELL,1000000,100-000,DONE,
2024-12-22 03:26:03.486 ,3CHQWQKMOACV,,BUY,2000000,100-000,DONE,
2024-12-22 03:26:03.486 ,3CHQWQKMOACV,,SELL,3000000,100-000,DONE,
2024-12-22 03:26:03.486 ,3CHQWQKMOACV,,BUY,4000000,100-000,DONE,
2024-12-22 03:26:03.486 ,3CHQWQKMOACV,,SELL,5000000,100-000,DONE,
2024-12-22 03:26:03.486 ,3CHQWQKMOACV,,BUY,1000000,100-000,DONE,
2024-12-22 03:26:03.486 ,3CHQWQKMOACV,,SELL,2000000,100-000,DONE,
2024-12-22 03:26:03.487 ,3CHQWQKMOACV,,BUY,3000000,100-000,DONE,
2024-12-22 03:26:03.487 ,3CHQWQKMOACV,,SELL,4000000,100-000,DONE,
2024-12-22 03:26:03.487 ,3CHQWQKMOACV,,BUY,5000000,100-000,DONE,
2024-12-22 03:26:03.487 ,3CHQWQKMOACV,,SELL,1000000,100-000,DONE,
2024-12-22 03:26:03.487 ,3CHQWQKMOACV,,BUY,2000000,100-000,DONE,
2024-12-22 03:26:03.487 ,3CHQWQKMOACV,,SELL,3000000,100-000,DONE,
2024-12-22 03:26:03.487 ,YOU70LGIEKIT,,BUY,4000000,100-000,DONE,
2024-12-22 03:26:03.487 ,YOU70LGIEKIT,,SELL,5000000,100-000,DONE,
2024-12-22 03:26:03.487 ,YOU70LGIEKIT,,BUY,1000000,100-000,DONE,
2024-12-22 03:26:03.487 ,YOU70LGIEKIT,,SELL,2000000,100-000,DONE,
2024-12-22 03:26:03.487 ,YOU70LGIEKIT,,BUY,3000000,100-000,DONE,
2024-12-22 03:26:03.487 ,YOU70LGIEKIT,,SELL,4000000,100-000,DONE,
2024-12-22 03:26:03.487 ,YOU70LGIEKIT,,BUY,5000000,100-000,DONE,
2024-12-22 03:26:03.487 ,YOU70LGIEKIT,,SELL,1000000,100-000,DONE,
2024-12-22 03:26:03.487 ,YOU70LGIEKIT,,BUY,2000000,100-000,DONE,
2024-12-22 03:26:03.487 ,YOU70LGIEKIT,,SELL,3000000,100-000,DONE,
2024-12-22 03:26:03.487 ,YOU70LGIEKIT,,BUY,4000000,100-000,DONE,
2024-12-22 03:26:03.487 ,YOU70LGIEKIT,,SELL,5000000,100-000,DONE,
2024-12-22 03:26:03.487 ,YOU70LGIEKIT,,BUY,1000000,100-000,DONE,
2024-12-22 03:26:03.487 ,YOU70LGIEKIT,,SELL,2000000,100-000,DONE,
2024-12-22 03:26:03.487 ,YOU70LGIEKIT,,BUY,3000000,100-000,DONE,
2024-12-22 03:26:03.487 ,YOU70LGIEKIT,,SELL,4000000,100-000,DONE,
2024-12-22 03:26:03.487 ,YOU70LGIEKIT,,BUY,5000000,100-000,DONE,
2024-12-22 04:26:31.509 ,P8HNBSSJWOTG,,SELL,1000000,100-000,DONE,
2024-12-22 04:26:31.509 ,P8HNBSSJWOTG,,BUY,2000000,100-000,DONE,
2024-12-22 04:26:31.509 ,P8HNBSSJWOTG,,SELL,3000000,100-000,DONE,
2024-12-22 04:26:31.509 ,P8HNBSSJWOTG,,BUY,4000000,100-000,DONE,
2024-12-22 04:26:31.509 ,P8HNBSSJWOTG,,SELL,5000000,100-000,DONE,
2024-12-22 04:26:31.509 ,P8HNBSSJWOTG,,BUY,1000000,100-000,DONE,
2024-12-22 04:26:31.509 ,P8HNBSSJWOTG,,SELL,2000000,100-000,DONE,
2024-12-22 04:26:31.509 ,P8HNBSSJWOTG,,BUY,3000000,100-000,DONE,
2024-12-22 04:26:31.509 ,P8HNBSSJWOTG,,SELL,4000000,100-000,DONE,
2024-12-22 04:26:31.509 ,P8HNBSSJWOTG,,BUY,5000000,100-000,DONE,
2024-12-22 04:26:31.510 ,P8HNBSSJWOTG,,SELL,1000000,100-000,DONE,
2024-12-22 04:26:31.510 ,P8HNBSSJWOTG,,BUY,2000000,100-000,DONE,
2024-12-22 04:26:31.510 ,P8HNBSSJWOTG,,SELL,3000000,100-000,DONE,
2024-12-22 04:26:31.510 ,P8HNBSSJWOTG,,BUY,4000000,100-000,DONE,
2024-12-22 04:26:31.510 ,P8HNBSSJWOTG,,SELL,5000000,100-000,DONE,
2024-12-22 04:26:31.510 ,P8HNBSSJWOTG,,BUY,1000000,100-000,DONE,
2024-12-22 04:26:31.510 ,P8HNBSSJWOTG,,SELL,2000000,100-000,DONE,
2024-12-22 04:26:31.510 ,P8HNBSSJWOTG,,BUY,3000000,100-000,DONE,
2024-12-22 04:26:31.510 ,P8HNBSSJWOTG,,SELL,4000000,100-000,DONE,
2024-12-22 04:26:31.510 ,P8HNBSSJWOTG,,BUY,5000000,100-000,DONE,
2024-12-22 04:26:31.510 ,P8HNBSSJWOTG,,SELL,1000000,100-000,DONE,
2024-12-22 04:26:31.510 ,P8HNBSSJWOTG,,BUY,2000000,100-000,DONE,
2024-12-22 04:26:31.510 ,P8HNBSSJWOTG,,SELL,3000000,100-000,DONE,
2024-12-22 04:26:31.510 ,P8HNBSSJWOTG,,BUY,4000000,100-000,DONE,
2024-12-22 04:26:31.510 ,P8HNBSSJWOTG,,SELL,5000000,100-000,DONE,
2024-12-22 04:26:31.510 ,P8HNBSSJWOTG,,BUY,1000000,100-000,DONE,
2024-12-22 04:26:31.510 ,P8HNBSSJWOTG,,SELL,2000000,100-000,DONE,
2024-12-22 04:26:31.510 ,P8HNBSSJWOTG,,BUY,3000000,100-000,DONE,
2024-12-22 04:26:31.510 ,P8HNBSSJWOTG,,SELL,4000000,100-000,DONE,
2024-12-22 04:26:31.510 ,P8HNBSSJWOTG,,BUY,5000000,100-000,DONE,
2024-12-22 04:26:31.510 ,P8HNBSSJWOTG,,SELL,1000000,100-000,DONE,
2024-12-22 04:26:31.510 ,P8HNBSSJWOTG,,BUY,2000000,100-000,DONE,
2024-12-22 04:26:31.510 ,P8HNBSSJWOTG,,SELL,3000000,100-000,DONE,
2024-12-22 04:26:31.510 ,P8HNBSSJWOTG,,BUY,4000000,100-000,DONE,
2024-12-22 04:26:31.510 ,P8HNBSSJWOTG,,SELL,5000000,100-000,DONE,
2024-12-22 04:26:31.510 ,P8HNBSSJWOTG,,BUY,1000000,100-000,DONE,
2024-12-22 04:26:31.510 ,P8HNBSSJWOTG,,SELL,2000000,100-000,DONE,
2024-12-22 04:26:31.510 ,P8HNBSSJWOTG,,BUY,3000000,100-000,DONE,
2024-12-22 04:26:31.510 ,P8HNBSSJWOTG,,SELL,4000000,100-000,DONE,
2024-12-22 04:26:31.510 ,P8HNBSSJWOTG,,BUY,5000000,100-000,DONE,
2024-12-22 04:26:31.510 ,P8HNBSSJWOTG,,SELL,1000000,100-000,DONE,
2024-12-22 04:26:31.510 ,P8HNBSSJWOTG,,BUY,2000000,100-000,DONE,
2024-12-22 04:26:31.510 ,P8HNBSSJWOTG,,SELL,3000000,100-000,DONE,
2024-12-22 04:26:31.510 ,P8HNBSSJWOTG,,BUY,4000000,100-000,DONE,
2024-12-22 04:26:31.510 ,P8HNBSSJWOTG,,SELL,5000000,100-000,DONE,
2024-12-22 04:26:31.510 ,1ZASDGNAHKQU,,BUY,1000000,100-000,DONE,
2024-12-22 04:26:31.510 ,1ZASDGNAHKQU,,SELL,2000000,100-000,DONE,
2024-12-22 04:26:31.510 ,1ZASDGNAHKQU,,BUY,3000000,100-000,DONE,
2024-12-22 04:26:31.510 ,1ZASDGNAHKQU,,SELL,4000000,100-000,DONE,
2024-12-22 04:26:31.510 ,1ZASDGNAHKQU,,BUY,5000000,100-000,DONE,
2024-12-22 04:26:31.510 ,1ZASDGNAHKQU,,SELL,1000000,100-000,DONE,
2024-12-22 04:26:31.510 ,1ZASDGNAHKQU,,BUY,2000000,100-000,DONE,
2024-12-22 04:26:31.510 ,1ZASDGNAHKQU,,SELL,3000000,100-000,DONE,
2024-12-22 04:26:31.510 ,1ZASDGNAHKQU,,BUY,4000000,100-000,DONE,
2024-12-22 04:26:31.510 ,1ZASDGNAHKQU,,SELL,5000000,100-000,DONE,
2024-12-22 04:26:31.510 ,1ZASDGNAHKQU,,BUY,1000000,100-000,DONE,
2024-12-22 04:26:31.510 ,1ZASDGNAHKQU,,SELL,2000000,100-000,DONE,
2024-12-22 04:26:31.510 ,1ZASDGNAHKQU,,BUY,3000000,100-000,DONE,
2024-12-22 04:26:31.510 ,1ZASDGNAHKQU,,SELL,4000000,100-000,DONE,
2024-12-22 04:26:31.510 ,1ZASDGNAHKQU,,BUY,5000000,100-000,DONE,
2024-12-22 04:26:31.510 ,1ZASDGNAHKQU,,SELL,1000000,100-000,DONE,
2024-12-22 04:26:31.510 ,1ZASDGNAHKQU,,BUY,2000000,100-000,DONE,
2024-12-22 04:26:31.510 ,1ZASDGNAHKQU,,SELL,3000000,100-000,DONE,
2024-12-22 04:26:31.510 ,1ZASDGNAHKQU,,BUY,4000000,100-000,DONE,
2024-12-22 04:26:31.510 ,1ZASDGNAHKQU,,SELL,5000000,100-000,DONE,
2024-12-22 04:26:31.510 ,1ZASDGNAHKQU,,BUY,1000000,100-000,DONE,
2024-12-22 04:26:31.510 ,1ZASDGNAHKQU,,SELL,2000000,100-000,DONE,
2024-12-22 04:26:31.510 ,1ZASDGNAHKQU,,BUY,3000000,100-000,DONE,
2024-12-22 04:26:31.510 ,1ZASDGNAHKQU,,SELL,4000000,100-000,DONE,
2024-12-22 04:26:31.510 ,1ZASDGNAHKQU,,BUY,5000000,100-000,DONE,
2024-12-22 04:28:20.042 ,JIHDHMJC098M,91282CME8,SELL,1000000,100-000,DONE,
2024-12-22 04:28:20.042 ,JIHDHMJC098M,91282CME8,BUY,2000000,100-000,DONE,
2024-12-22 04:28:20.042 ,JIHDHMJC098M,91282CME8,SELL,3000000,100-000,DONE,
2024-12-22 04:28:20.042 ,JIHDHMJC098M,91282CME8,BUY,4000000,100-000,DONE,
2024-12-22 04:28:20.042 ,JIHDHMJC098M,91282CME8,SELL,5000000,100-000,DONE,
2024-12-22 04:28:20.042 ,JIHDHMJC098M,91282CME8,BUY,1000000,100-000,DONE,
2024-12-22 04:28:20.042 ,JIHDHMJC098M,91282CME8,SELL,2000000,100-000,DONE,
2024-12-22 04:28:20.042 ,JIHDHMJC098M,91282CME8,BUY,3000000,100-000,DONE,
2024-12-22 04:28:20.042 ,JIHDHMJC098M,91282CME8,SELL,4000000,100-000,DONE,
2024-12-22 04:28:20.042 ,JIHDHMJC098M,91282CME8,BUY,5000000,100-000,DONE,
2024-12-22 04:28:20.042 ,JIHDHMJC098M,91282CJP7,SELL,1000000,100-000,DONE,
2024-12-22 04:28:20.042 ,JIHDHMJC098M,91282CJP7,BUY,2000000,100-000,DONE,
2024-12-22 04:28:20.042 ,JIHDHMJC098M,91282CJP7,SELL,3000000,100-000,DONE,
2024-12-22 04:28:20.042 ,JIHDHMJC098M,91282CJP7,BUY,4000000,100-000,DONE,
2024-12-22 04:28:20.042 ,JIHDHMJC098M,91282CJP7,SELL,5000000,100-000,DONE,
2024-12-22 04:28:20.042 ,JIHDHMJC098M,91282CJP7,BUY,1000000,100-000,DONE,
2024-12-22 04:28:20.042 ,JIHDHMJC098M,91282CJP7,SELL,2000000,100-000,DONE,
2024-12-22 04:28:20.042 ,JIHDHMJC098M,91282CJP7,BUY,3000000,100-000,DONE,
2024-12-22 04:28:20.042 ,JIHDHMJC098M,91282CJP7,SELL,4000000,100-000,DONE,
2024-12-22 04:28:20.042 ,JIHDHMJC098M,91282CJP7,BUY,5000000,100-000,DONE,
2024-12-22 04:28:20.042 ,JIHDHMJC098M,91282CJN2,SELL,1000000,100-000,DONE,
2024-12-22 04:28:20.042 ,JIHDHMJC098M,91282CJN2,BUY,2000000,100-000,DONE,
2024-12-22 04:28:20.042 ,JIHDHMJC098M,91282CJN2,SELL,3000000,100-000,DONE,
2024-12-22 04:28:20.042 ,JIHDHMJC098M,91282CJN2,BUY,4000000,100-000,DONE,
2024-12-22 04:28:20.042 ,JIHDHMJC098M,91282CJN2,SELL,5000000,100-000,DONE,
2024-12-22 04:28:20.042 ,JIHDHMJC098M,91282CJN2,BUY,1000000,100-000,DONE,
2024-12-22 04:28:20.042 ,JIHDHMJC098M,91282CJN2,SELL,2000000,100-000,DONE,
2024-12-22 04:28:20.042 ,JIHDHMJC098M,91282CJN2,BUY,3000000,100-000,DONE,
2024-12-22 04:28:20.042 ,JIHDHMJC098M,91282CJN2,SELL,4000000,100-000,DONE,
2024-12-22 04:28:20.042 ,JIHDHMJC098M,91282CJN2,BUY,5000000,100-000,DONE,
2024-12-22 04:28:20.042 ,JIHDHMJC098M,91282CJM4,SELL,1000000,100-000,DONE,
2024-12-22 04:28:20.042 ,JIHDHMJC098M,91282CJM4,BUY,2000000,100-000,DONE,
2024-12-22 04:28:20.042 ,JIHDHMJC098M,91282CJM4,SELL,3000000,100-000,DONE,
2024-12-22 04:28:20.042 ,JIHDHMJC098M,91282CJM4,BUY,4000000,100-000,DONE,
2024-12-22 04:28:20.042 ,JIHDHMJC098M,91282CJM4,SELL,5000000,100-000,DONE,
2024-12-22 04:28:20.042 ,JIHDHMJC098M,91282CJM4,BUY,1000000,100-000,DONE,
2024-12-22 04:28:20.042 ,JIHDHMJC098M,91282CJM4,SELL,2000000,100-000,DONE,
2024-12-22 04:28:20.042 ,JIHDHMJC098M,91282CJM4,BUY,3000000,100-000,DONE,
2024-12-22 04:28:20.042 ,JIHDHMJC098M,91282CJM4,SELL,4000000,100-000,DONE,
2024-12-22 04:28:20.042 ,JIHDHMJC098M,91282CJM4,BUY,5000000,100-000,DONE,
2024-12-22 04:28:20.042 ,JIHDHMJC098M,91282CJJ1,SELL,1000000,100-000,DONE,
2024-12-22 04:28:20.042 ,JIHDHMJC098M,91282CJJ1,BUY,2000000,100-000,DONE,
2024-12-22 04:28:20.042 ,JIHDHMJC098M,91282CJJ1,SELL,3000000,100-000,DONE,
2024-12-22 04:28:20.042 ,JIHDHMJC098M,91282CJJ1,BUY,4000000,100-000,DONE,
2024-12-22 04:28:20.042 ,JIHDHMJC098M,91282CJJ1,SELL,5000000,100-000,DONE,
2024-12-22 04:28:20.042 ,JIHDHMJC098M,91282CJJ1,BUY,1000000,100-000,DONE,
2024-12-22 04:28:20.042 ,JIHDHMJC098M,91282CJJ1,SELL,2000000,100-000,DONE,
2024-12-22 04:28:20.042 ,JIHDHMJC098M,91282CJJ1,BUY,3000000,100-000,DONE,
2024-12-22 04:28:20.042 ,CE1OSZQNOTQL,91282CJJ1,SELL,4000000,100-000,DONE,
2024-12-22 04:28:20.042 ,CE1OSZQNOTQL,91282CJJ1,BUY,5000000,100-000,DONE,
2024-12-22 04:28:20.042 ,CE1OSZQNOTQL,912810TW8,SELL,1000000,100-000,DONE,
2024-12-22 04:28:20.042 ,CE1OSZQNOTQL,912810TW8,BUY,2000000,100-000,DONE,
2024-12-22 04:28:20.042 ,CE1OSZQNOTQL,912810TW8,SELL,3000000,100-000,DONE,
2024-12-22 04:28:20.042 ,CE1OSZQNOTQL,912810TW8,BUY,4000000,100-000,DONE,
2024-12-22 04:28:20.042 ,CE1OSZQNOTQL,912810TW8,SELL,5000000,100-000,DONE,
2024-12-22 04:28:20.042 ,CE1OSZQNOTQL,912810TW8,BUY,1000000,100-000,DONE,
2024-12-22 04:28:20.042 ,CE1OSZQNOTQL,912810TW8,SELL,2000000,100-000,DONE,
2024-12-22 04:28:20.042 ,CE1OSZQNOTQL,912810TW8,BUY,3000000,100-000,DONE,
2024-12-22 04:28:20.042 ,CE1OSZQNOTQL,912810TW8,SELL,4000000,100-000,DONE,
2024-12-22 04:28:20.042 ,CE1OSZQNOTQL,912810TW8,BUY,5000000,100-000,DONE,
2024-12-22 04:28:20.042 ,CE1OSZQNOTQL,912810TV0,SELL,1000000,100-000,DONE,
2024-12-22 04:28:20.042 ,CE1OSZQNOTQL,912810TV0,BUY,2000000,100-000,DONE,
2024-12-22 04:28:20.042 ,CE1OSZQNOTQL,912810TV0,SELL,3000000,100-000,DONE,
2024-12-22 04:28:20.042 ,CE1OSZQNOTQL,912810TV0,BUY,4000000,100-000,DONE,
2024-12-22 04:28:20.042 ,CE1OSZQNOTQL,912810TV0,SELL,5000000,100-000,DONE,
2024-12-22 04:28:20.042 ,CE1OSZQNOTQL,912810TV0,BUY,1000000,100-000,DONE,
2024-12-22 04:28:20.042 ,CE1OSZQNOTQL,912810TV0,SELL,2000000,100-000,DONE,
2024-12-22 04:28:20.042 ,CE1OSZQNOTQL,912810TV0,BUY,3000000,100-000,DONE,
2024-12-22 04:28:20.042 ,CE1OSZQNOTQL,912810TV0,SELL,4000000,100-000,DONE,
2024-12-22 04:28:20.042 ,CE1OSZQNOTQL,912810TV0,BUY,5000000,100-000,DONE,
2024-12-22 18:53:32.986 ,GIESAEQGFQGB,91282CME8,SELL,1000000,100-000,DONE,
2024-12-22 18:53:32.987 ,GIESAEQGFQGB,91282CME8,BUY,2000000,100-000,DONE,
2024-12-22 18:53:32.987 ,GIESAEQGFQGB,91282CME8,SELL,3000000,100-000,DONE,
2024-12-22 18:53:32.987 ,GIESAEQGFQGB,91282CME8,BUY,4000000,100-000,DONE,
2024-12-22 18:53:32.987 ,GIESAEQGFQGB,91282CME8,SELL,5000000,100-000,DONE,
2024-12-22 18:53:32.987 ,GIESAEQGFQGB,91282CME8,BUY,1000000,100-000,DONE,
2024-12-22 18:53:32.987 ,GIESAEQGFQGB,91282CME8,SELL,2000000,100-000,DONE,
2024-12-22 18:53:32.987 ,GIESAEQGFQGB,91282CME8,BUY,3000000,100-000,DONE,
2024-12-22 18:53:32.987 ,GIESAEQGFQGB,91282CME8,SELL,4000000,100-000,DONE,
2024-12-22 18:53:32.987 ,GIESAEQGFQGB,91282CME8,BUY,5000000,100-000,DONE,
2024-12-22 18:53:32.987 ,GIESAEQGFQGB,91282CJP7,SELL,1000000,100-000,DONE,
2024-12-22 18:53:32.987 ,GIESAEQGFQGB,91282CJP7,BUY,2000000,100-000,DONE,
2024-12-22 18:53:32.988 ,GIESAEQGFQGB,91282CJP7,SELL,3000000,100-000,DONE,
2024-12-22 18:53:32.988 ,GIESAEQGFQGB,91282CJP7,BUY,4000000,100-000,DONE,
2024-12-22 18:53:32.988 ,GIESAEQGFQGB,91282CJP7,SELL,5000000,100-000,DONE,
2024-12-22 18:53:32.988 ,GIESAEQGFQGB,91282CJP7,BUY,1000000,100-000,DONE,
2024-12-22 18:53:32.988 ,GIESAEQGFQGB,91282CJP7,SELL,2000000,100-000,DONE,
2024-12-22 18:53:32.988 ,GIESAEQGFQGB,91282CJP7,BUY,3000000,100-000,DONE,
2024-12-22 18:53:32.988 ,GIESAEQGFQGB,91282CJP7,SELL,4000000,100-000,DONE,
2024-12-22 18:53:32.988 ,GIESAEQGFQGB,91282CJP7,BUY,5000000,100-000,DONE,
2024-12-22 18:53:32.988 ,GIESAEQGFQGB,91282CJN2,SELL,1000000,100-000,DONE,
2024-12-22 18:53:32.988 ,GIESAEQGFQGB,91282CJN2,BUY,2000000,100-000,DONE,
2024-12-22 18:53:32.988 ,GIESAEQGFQGB,91282CJN2,SELL,3000000,100-000,DONE,
2024-12-22 18:53:32.988 ,GIESAEQGFQGB,91282CJN2,BUY,4000000,100-000,DONE,
2024-12-22 18:53:32.988 ,GIESAEQGFQGB,91282CJN2,SELL,5000000,100-000,DONE,
2024-12-22 18:53:32.988 ,GIESAEQGFQGB,91282CJN2,BUY,1000000,100-000,DONE,
2024-12-22 18:53:32.988 ,GIESAEQGFQGB,91282CJN2,SELL,2000000,100-000,DONE,
2024-12-22 18:53:32.988 ,GIESAEQGFQGB,91282CJN2,BUY,3000000,100-000,DONE,
2024-12-22 18:53:32.988 ,GIESAEQGFQGB,91282CJN2,SELL,4000000,100-000,DONE,
2024-12-22 18:53:32.988 ,GIESAEQGFQGB,91282CJN2,BUY,5000000,100-000,DONE,
2024-12-22 18:53:32.988 ,ZLZ9QAVZYPI1,91282CJM4,SELL,1000000,100-000,DONE,
2024-12-22 18:53:32.988 ,ZLZ9QAVZYPI1,91282CJM4,BUY,2000000,100-000,DONE,
2024-12-22 18:53:32.988 ,ZLZ9QAVZYPI1,91282CJM4,SELL,3000000,100-000,DONE,
2024-12-22 18:53:32.988 ,ZLZ9QAVZYPI1,91282CJM4,BUY,4000000,100-000,DONE,
2024-12-22 18:53:32.988 ,ZLZ9QAVZYPI1,91282CJM4,SELL,5000000,100-000,DONE,
2024-12-22 18:53:32.988 ,ZLZ9QAVZYPI1,91282CJM4,BUY,1000000,100-000,DONE,
2024-12-22 18:53:32.988 ,ZLZ9QAVZYPI1,91282CJM4,SELL,2000000,100-000,DONE,
2024-12-22 18:53:32.988 ,ZLZ9QAVZYPI1,91282CJM4,BUY,3000000,100-000,DONE,
2024-12-22 18:53:32.988 ,ZLZ9QAVZYPI1,91282CJM4,SELL,4000000,100-000,DONE,
2024-12-22 18:53:32.988 ,ZLZ9QAVZYPI1,91282CJM4,BUY,5000000,100-000,DONE,
2024-12-22 18:53:32.988 ,ZLZ9QAVZYPI1,91282CJJ1,SELL,1000000,100-000,DONE,
2024-12-22 18:53:32.988 ,ZLZ9QAVZYPI1,91282CJJ1,BUY,2000000,100-000,DONE,
2024-12-22 18:53:32.988 ,ZLZ9QAVZYPI1,91282CJJ1,SELL,3000000,100-000,DONE,
2024-12-22 18:53:32.988 ,ZLZ9QAVZYPI1,91282CJJ1,BUY,4000000,100-000,DONE,
2024-12-22 18:53:32.988 ,ZLZ9QAVZYPI1,91282CJJ1,SELL,5000000,100-000,DONE,
2024-12-22 18:53:32.988 ,ZLZ9QAVZYPI1,91282CJJ1,BUY,1000000,100-000,DONE,
2024-12-22 18:53:32.988 ,ZLZ9QAVZYPI1,91282CJJ1,SELL,2000000,100-000,DONE,
2024-12-22 18:53:32.988 ,ZLZ9QAVZYPI1,91282CJJ1,BUY,3000000,100-000,DONE,
2024-12-22 18:53:32.988 ,ZLZ9QAVZYPI1,91282CJJ1,SELL,4000000,100-000,DONE,
2024-12-22 18:53:32.988 ,ZLZ9QAVZYPI1,91282CJJ1,BUY,5000000,100-000,DONE,
2024-12-22 18:53:32.988 ,ZLZ9QAVZYPI1,912810TW8,SELL,1000000,100-000,DONE,
2024-12-22 18:53:32.988 ,ZLZ9QAVZYPI1,912810TW8,BUY,2000000,100-000,DONE,
2024-12-22 18:53:32.988 ,ZLZ9QAVZYPI1,912810TW8,SELL,3000000,100-000,DONE,
2024-12-22 18:53:32.988 ,ZLZ9QAVZYPI1,912810TW8,BUY,4000000,100-000,DONE,
2024-12-22 18:53:32.988 ,ZLZ9QAVZYPI1,912810TW8,SELL,5000000,100-000,DONE,
2024-12-22 18:53:32.988 ,ZLZ9QAVZYPI1,912810TW8,BUY,1000000,100-000,DONE,
2024-12-22 18:53:32.988 ,ZLZ9QAVZYPI1,912810TW8,SELL,2000000,100-000,DONE,
2024-12-22 18:53:32.988 ,ZLZ9QAVZYPI1,912810TW8,BUY,3000000,100-000,DONE,
2024-12-22 18:53:32.988 ,ZLZ9QAVZYPI1,912810TW8,SELL,4000000,100-000,DONE,
2024-12-22 18:53:32.988 ,ZLZ9QAVZYPI1,912810TW8,BUY,5000000,100-000,DONE,
2024-12-22 18:53:32.988 ,ZLZ9QAVZYPI1,912810TV0,SELL,1000000,100-000,DONE,
2024-12-22 18:53:32.988 ,ZLZ9QAVZYPI1,912810TV0,BUY,2000000,100-000,DONE,
2024-12-22 18:53:32.988 ,ZLZ9QAVZYPI1,912810TV0,SELL,3000000,100-000,DONE,
2024-12-22 18:53:32.988 ,ZLZ9QAVZYPI1,912810TV0,BUY,4000000,100-000,DONE,
2024-12-22 18:53:32.988 ,ZLZ9QAVZYPI1,912810TV0,SELL,5000000,100-000,DONE,
2024-12-22 18:53:32.988 ,ZLZ9QAVZYPI1,912810TV0,BUY,1000000,100-000,DONE,
2024-12-22 18:53:32.989 ,ZLZ9QAVZYPI1,912810TV0,SELL,2000000,100-000,DONE,
2024-12-22 18:53:32.989 ,ZLZ9QAVZYPI1,912810TV0,BUY,3000000,100-000,DONE,
2024-12-22 18:53:32.989 ,ZLZ9QAVZYPI1,912810TV0,SELL,4000000,100-000,DONE,
2024-12-22 18:53:32.989 ,ZLZ9QAVZYPI1,912810TV0,BUY,5000000,100-000,DONE,
2024-12-22 19:00:48.722 ,P756BDTWYL4A,91282CME8,SELL,1000000,100-000,DONE,
2024-12-22 19:00:48.722 ,P756BDTWYL4A,91282CME8,BUY,2000000,100-000,DONE,
2024-12-22 19:00:48.722 ,P756BDTWYL4A,91282CME8,SELL,3000000,100-000,DONE,
2024-12-22 19:00:48.722 ,P756BDTWYL4A,91282CME8,BUY,4000000,100-000,DONE,
2024-12-22 19:00:48.722 ,P756BDTWYL4A,91282CME8,SELL,5000000,100-000,DONE,
2024-12-22 19:00:48.722 ,P756BDTWYL4A,91282CME8,BUY,1000000,100-000,DONE,
2024-12-22 19:00:48.722 ,P756BDTWYL4A,91282CME8,SELL,2000000,100-000,DONE,
2024-12-22 19:00:48.722 ,P756BDTWYL4A,91282CME8,BUY,3000000,100-000,DONE,
2024-12-22 19:00:48.723 ,P756BDTWYL4A,91282CME8,SELL,4000000,100-000,DONE,
2024-12-22 19:00:48.723 ,P756BDTWYL4A,91282CME8,BUY,5000000,100-000,DONE,
2024-12-22 19:00:48.723 ,P756BDTWYL4A,91282CJP7,SELL,1000000,100-000,DONE,
2024-12-22 19:00:48.723 ,P756BDTWYL4A,91282CJP7,BUY,2000000,100-000,DONE,
2024-12-22 19:00:48.723 ,P756BDTWYL4A,91282CJP7,SELL,3000000,100-000,DONE,
2024-12-22 19:00:48.723 ,P756BDTWYL4A,91282CJP7,BUY,4000000,100-000,DONE,
2024-12-22 19:00:48.723 ,P756BDTWYL4A,91282CJP7,SELL,5000000,100-000,DONE,
2024-12-22 19:00:48.723 ,P756BDTWYL4A,91282CJP7,BUY,1000000,100-000,DONE,
2024-12-22 19:00:48.723 ,P756BDTWYL4A,91282CJP7,SELL,2000000,100-000,DONE,
2024-12-22 19:00:48.723 ,P756BDTWYL4A,91282CJP7,BUY,3000000,100-000,DONE,
2024-12-22 19:00:48.723 ,Y4UBGXXJ5AIW,91282CJP7,SELL,4000000,100-000,DONE,
2024-12-22 19:00:48.723 ,Y4UBGXXJ5AIW,91282CJP7,BUY,5000000,100-000,DONE,
2024-12-22 19:00:48.723 ,Y4UBGXXJ5AIW,91282CJN2,SELL,1000000,100-000,DONE,
2024-12-22 19:00:48.723 ,Y4UBGXXJ5AIW,91282CJN2,BUY,2000000,100-000,DONE,
2024-12-22 19:00:48.723 ,Y4UBGXXJ5AIW,91282CJN2,SELL,3000000,100-000,DONE,
2024-12-22 19:00:48.723 ,Y4UBGXXJ5AIW,91282CJN2,BUY,4000000,100-000,DONE,
2024-12-22 19:00:48.723 ,Y4UBGXXJ5AIW,91282CJN2,SELL,5000000,100-000,DONE,
2024-12-22 19:00:48.723 ,Y4UBGXXJ5AIW,91282CJN2,BUY,1000000,100-000,DONE,
2024-12-22 19:00:48.723 ,Y4UBGXXJ5AIW,91282CJN2,SELL,2000000,100-000,DONE,
2024-12-22 19:00:48.723 ,Y4UBGXXJ5AIW,91282CJN2,BUY,3000000,100-000,DONE,
2024-12-22 19:00:48.723 ,Y4UBGXXJ5AIW,91282CJN2,SELL,4000000,100-000,DONE,
2024-12-22 19:00:48.723 ,Y4UBGXXJ5AIW,91282CJN2,BUY,5000000,100-000,DONE,
2024-12-22 19:00:48.723 ,Y4UBGXXJ5AIW,91282CJM4,SELL,1000000,100-000,DONE,
2024-12-22 19:00:48.723 ,Y4UBGXXJ5AIW,91282CJM4,BUY,2000000,100-000,DONE,
2024-12-22 19:00:48.723 ,Y4UBGXXJ5AIW,91282CJM4,SELL,3000000,100-000,DONE,
2024-12-22 19:00:48.723 ,Y4UBGXXJ5AIW,91282CJM4,BUY,4000000,100-000,DONE,
2024-12-22 19:00:48.723 ,Y4UBGXXJ5AIW,91282CJM4,SELL,5000000,100-000,DONE,
2024-12-22 19:00:48.723 ,Y4UBGXXJ5AIW,91282CJM4,BUY,1000000,100-000,DONE,
2024-12-22 19:00:48.723 ,Y4UBGXXJ5AIW,91282CJM4,SELL,2000000,100-000,DONE,
2024-12-22 19:00:48.723 ,Y4UBGXXJ5AIW,91282CJM4,BUY,3000000,100-000,DONE,
2024-12-22 19:00:48.723 ,Y4UBGXXJ5AIW,91282CJM4,SELL,4000000,100-000,DONE,
2024-12-22 19:00:48.723 ,Y4UBGXXJ5AIW,91282CJM4,BUY,5000000,100-000,DONE,
2024-12-22 19:00:48.724 ,Y4UBGXXJ5AIW,91282CJJ1,SELL,1000000,100-000,DONE,
2024-12-22 19:00:48.724 ,Y4UBGXXJ5AIW,91282CJJ1,BUY,2000000,100-000,DONE,
2024-12-22 19:00:48.724 ,Y4UBGXXJ5AIW,91282CJJ1,SELL,3000000,100-000,DONE,
2024-12-22 19:00:48.724 ,Y4UBGXXJ5AIW,91282CJJ1,BUY,4000000,100-000,DONE,
2024-12-22 19:00:48.724 ,Y4UBGXXJ5AIW,91282CJJ1,SELL,5000000,100-000,DONE,
2024-12-22 19:00:48.724 ,Y4UBGXXJ5AIW,91282CJJ1,BUY,1000000,100-000,DONE,
2024-12-22 19:00:48.724 ,Y4UBGXXJ5AIW,91282CJJ1,SELL,2000000,100-000,DONE,
2024-12-22 19:00:48.724 ,Y4UBGXXJ5AIW,91282CJJ1,BUY,3000000,100-000,DONE,
2024-12-22 19:00:48.724 ,Y4UBGXXJ5AIW,91282CJJ1,SELL,4000000,100-000,DONE,
2024-12-22 19:00:48.724 ,Y4UBGXXJ5AIW,91282CJJ1,BUY,5000000,100-000,DONE,
2024-12-22 19:00:48.724 ,Y4UBGXXJ5AIW,912810TW8,SELL,1000000,100-000,DONE,
2024-12-22 19:00:48.724 ,Y4UBGXXJ5AIW,912810TW8,BUY,2000000,100-000,DONE,
2024-12-22 19:00:48.724 ,Y4UBGXXJ5AIW,912810TW8,SELL,3000000,100-000,DONE,
2024-12-22 19:00:48.724 ,Y4UBGXXJ5AIW,912810TW8,BUY,4000000,100-000,DONE,
2024-12-22 19:00:48.724 ,Y4UBGXXJ5AIW,912810TW8,SELL,5000000,100-000,DONE,
2024-12-22 19:00:48.724 ,Y4UBGXXJ5AIW,912810TW8,BUY,1000000,100-000,DONE,
2024-12-22 19:00:48.724 ,Y4UBGXXJ5AIW,912810TW8,SELL,2000000,100-000,DONE,
2024-12-22 19:00:48.724 ,Y4UBGXXJ5AIW,912810TW8,BUY,3000000,100-000,DONE,
2024-12-22 19:00:48.724 ,Y4UBGXXJ5AIW,912810TW8,SELL,4000000,100-000,DONE,
2024-12-22 19:00:48.724 ,Y4UBGXXJ5AIW,912810TW8,BUY,5000000,100-000,DONE,
2024-12-22 19:00:48.724 ,Y4UBGXXJ5AIW,912810TV0,SELL,1000000,100-000,DONE,
2024-12-22 19:00:48.724 ,Y4UBGXXJ5AIW,912810TV0,BUY,2000000,100-000,DONE,
2024-12-22 19:00:48.724 ,Y4UBGXXJ5AIW,912810TV0,SELL,3000000,100-000,DONE,
2024-12-22 19:00:48.724 ,Y4UBGXXJ5AIW,912810TV0,BUY,4000000,100-000,DONE,
2024-12-22 19:00:48.724 ,Y4UBGXXJ5AIW,912810TV0,SELL,5000000,100-000,DONE,
2024-12-22 19:00:48.724 ,Y4UBGXXJ5AIW,912810TV0,BUY,1000000,100-000,DONE,
2024-12-22 19:00:48.724 ,Y4UBGXXJ5AIW,912810TV0,SELL,2000000,100-000,DONE,
2024-12-22 19:00:48.724 ,Y4UBGXXJ5AIW,912810TV0,BUY,3000000,100-000,DONE,
2024-12-22 19:00:48.724 ,Y4UBGXXJ5AIW,912810TV0,SELL,4000000,100-000,DONE,
2024-12-22 19:00:48.724 ,Y4UBGXXJ5AIW,912810TV0,BUY,5000000,100-000,DONE,
2024-12-22 19:08:31.819 ,C0EO9M5CI967,91282CME8,SELL,1000000,100-000,DONE,
2024-12-22 19:08:31.820 ,C0EO9M5CI967,91282CME8,BUY,2000000,100-000,DONE,
2024-12-22 19:08:31.820 ,C0EO9M5CI967,91282CME8,SELL,3000000,100-000,DONE,
2024-12-22 19:08:31.820 ,C0EO9M5CI967,91282CME8,BUY,4000000,100-000,DONE,
2024-12-22 19:08:31.820 ,C0EO9M5CI967,91282CME8,SELL,5000000,100-000,DONE,
2024-12-22 19:08:31.820 ,C0EO9M5CI967,91282CME8,BUY,1000000,100-000,DONE,
2024-12-22 19:08:31.820 ,C0EO9M5CI967,91282CME8,SELL,2000000,100-000,DONE,
2024-12-22 19:08:31.820 ,C0EO9M5CI967,91282CME8,BUY,3000000,100-000,DONE,
2024-12-22 19:08:31.820 ,C0EO9M5CI967,91282CME8,SELL,4000000,100-000,DONE,
2024-12-22 19:08:31.820 ,C0EO9M5CI967,91282CME8,BUY,5000000,100-000,DONE,
2024-12-22 19:08:31.820 ,C0EO9M5CI967,91282CJP7,SELL,1000000,100-000,DONE,
2024-12-22 19:08:31.820 ,C0EO9M5CI967,91282CJP7,BUY,2000000,100-000,DONE,
2024-12-22 19:08:31.820 ,C0EO9M5CI967,91282CJP7,SELL,3000000,100-000,DONE,
2024-12-22 19:08:31.820 ,C0EO9M5CI967,91282CJP7,BUY,4000000,100-000,DONE,
2024-12-22 19:08:31.820 ,C0EO9M5CI967,91282CJP7,SELL,5000000,100-000,DONE,
2024-12-22 19:08:31.820 ,C0EO9M5CI967,91282CJP7,BUY,1000000,100-000,DONE,
2024-12-22 19:08:31.820 ,C0EO9M5CI967,91282CJP7,SELL,2000000,100-000,DONE,
2024-12-22 19:08:31.820 ,C0EO9M5CI967,91282CJP7,BUY,3000000,100-000,DONE,
2024-12-22 19:08:31.820 ,C0EO9M5CI967,91282CJP7,SELL,4000000,100-000,DONE,
2024-12-22 19:08:31.820 ,C0EO9M5CI967,91282CJP7,BUY,5000000,100-000,DONE,
2024-12-22 19:08:31.820 ,C0EO9M5CI967,91282CJN2,SELL,1000000,100-000,DONE,
2024-12-22 19:08:31.820 ,C0EO9M5CI967,91282CJN2,BUY,2000000,100-000,DONE,
2024-12-22 19:08:31.820 ,C0EO9M5CI967,91282CJN2,SELL,3000000,100-000,DONE,
2024-12-22 19:08:31.820 ,C0EO9M5CI967,91282CJN2,BUY,4000000,100-000,DONE,
2024-12-22 19:08:31.820 ,C0EO9M5CI967,91282CJN2,SELL,5000000,100-000,DONE,
2024-12-22 19:08:31.820 ,C0EO9M5CI967,91282CJN2,BUY,1000000,100-000,DONE,
2024-12-22 19:08:31.820 ,C0EO9M5CI967,91282CJN2,SELL,2000000,100-000,DONE,
2024-12-22 19:08:31.820 ,C0EO9M5CI967,91282CJN2,BUY,3000000,100-000,DONE,
2024-12-22 19:08:31.820 ,C0EO9M5CI967,91282CJN2,SELL,4000000,100-000,DONE,
2024-12-22 19:08:31.820 ,C0EO9M5CI967,91282CJN2,BUY,5000000,100-000,DONE,
2024-12-22 19:08:31.820 ,C0EO9M5CI967,91282CJM4,SELL,1000000,100-000,DONE,
2024-12-22 19:08:31.820 ,C0EO9M5CI967,91282CJM4,BUY,2000000,100-000,DONE,
2024-12-22 19:08:31.820 ,C0EO9M5CI967,91282CJM4,SELL,3000000,100-000,DONE,
2024-12-22 19:08:31.820 ,C0EO9M5CI967,91282CJM4,BUY,4000000,100-000,DONE,
2024-12-22 19:08:31.820 ,C0EO9M5CI967,91282CJM4,SELL,5000000,100-000,DONE,
2024-12-22 19:08:31.820 ,C0EO9M5CI967,91282CJM4,BUY,1000000,100-000,DONE,
2024-12-22 19:08:31.820 ,C0EO9M5CI967,91282CJM4,SELL,2000000,100-000,DONE,
2024-12-22 19:08:31.820 ,C0EO9M5CI967,91282CJM4,BUY,3000000,100-000,DONE,
2024-12-22 19:08:31.820 ,C0EO9M5CI967,91282CJM4,SELL,4000000,100-000,DONE,
2024-12-22 19:08:31.820 ,C0EO9M5CI967,91282CJM4,BUY,5000000,100-000,DONE,
2024-12-22 19:08:31.820 ,C0EO9M5CI967,91282CJJ1,SELL,1000000,100-000,DONE,
2024-12-22 19:08:31.820 ,C0EO9M5CI967,91282CJJ1,BUY,2000000,100-000,DONE,
2024-12-22 19:08:31.820 ,C0EO9M5CI967,91282CJJ1,SELL,3000000,100-000,DONE,
2024-12-22 19:08:31.820 ,C0EO9M5CI967,91282CJJ1,BUY,4000000,100-000,DONE,
2024-12-22 19:08:31.820 ,C0EO9M5CI967,91282CJJ1,SELL,5000000,100-000,DONE,
2024-12-22 19:08:31.820 ,C0EO9M5CI967,91282CJJ1,BUY,1000000,100-000,DONE,
2024-12-22 19:08:31.820 ,C0EO9M5CI967,91282CJJ1,SELL,2000000,100-000,DONE,
2024-12-22 19:08:31.820 ,C0EO9M5CI967,91282CJJ1,BUY,3000000,100-000,DONE,
2024-12-22 19:08:31.820 ,C0EO9M5CI967,91282CJJ1,SELL,4000000,100-000,DONE,
2024-12-22 19:08:31.820 ,C0EO9M5CI967,91282CJJ1,BUY,5000000,100-000,DONE,
2024-12-22 19:08:31.820 ,C0EO9M5CI967,912810TW8,SELL,1000000,100-000,DONE,
2024-12-22 19:08:31.820 ,C0EO9M5CI967,912810TW8,BUY,2000000,100-000,DONE,
2024-12-22 19:08:31.820 ,C0EO9M5CI967,912810TW8,SELL,3000000,100-000,DONE,
2024-12-22 19:08:31.820 ,C0EO9M5CI967,912810TW8,BUY,4000000,100-000,DONE,
2024-12-22 19:08:31.820 ,C0EO9M5CI967,912810TW8,SELL,5000000,100-000,DONE,
2024-12-22 19:08:31.820 ,C0EO9M5CI967,912810TW8,BUY,1000000,100-000,DONE,
2024-12-22 19:08:31.820 ,C0EO9M5CI967,912810TW8,SELL,2000000,100-000,DONE,
2024-12-22 19:08:31.820 ,5OJ7FVZU08FH,912810TW8,BUY,3000000,100-000,DONE,
2024-12-22 19:08:31.821 ,5OJ7FVZU08FH,912810TW8,SELL,4000000,100-000,DONE,
2024-12-22 19:08:31.821 ,5OJ7FVZU08FH,912810TW8,BUY,5000000,100-000,DONE,
2024-12-22 19:08:31.821 ,5OJ7FVZU08FH,912810TV0,SELL,1000000,100-000,DONE,
2024-12-22 19:08:31.821 ,5OJ7FVZU08FH,912810TV0,BUY,2000000,100-000,DONE,
2024-12-22 19:08:31.821 ,5OJ7FVZU08FH,912810TV0,SELL,3000000,100-000,DONE,
2024-12-22 19:08:31.821 ,5OJ7FVZU08FH,912810TV0,BUY,4000000,100-000,DONE,
2024-12-22 19:08:31.821 ,5OJ7FVZU08FH,912810TV0,SELL,5000000,100-000,DONE,
2024-12-22 19:08:31.821 ,5OJ7FVZU08FH,912810TV0,BUY,1000000,100-000,DONE,
2024-12-22 19:08:31.821 ,5OJ7FVZU08FH,912810TV0,SELL,2000000,100-000,DONE,
2024-12-22 19:08:31.821 ,5OJ7FVZU08FH,912810TV0,BUY,3000000,100-000,DONE,
2024-12-22 19:08:31.821 ,5OJ7FVZU08FH,912810TV0,SELL,4000000,100-000,DONE,
2024-12-22 19:08:31.821 ,5OJ7FVZU08FH,912810TV0,BUY,5000000,100-000,DONE,
2024-12-22 19:09:28.699 ,ROPGTPXRFXKE,91282CME8,SELL,1000000,100-000,DONE,
2024-12-22 19:09:28.699 ,ROPGTPXRFXKE,91282CME8,BUY,2000000,100-000,DONE,
2024-12-22 19:09:28.699 ,ROPGTPXRFXKE,91282CME8,SELL,3000000,100-000,DONE,
2024-12-22 19:09:28.699 ,ROPGTPXRFXKE,91282CME8,BUY,4000000,100-000,DONE,
2024-12-22 19:09:28.700 ,ROPGTPXRFXKE,91282CME8,SELL,5000000,100-000,DONE,
2024-12-22 19:09:28.700 ,ROPGTPXRFXKE,91282CME8,BUY,1000000,100-000,DONE,
2024-12-22 19:09:28.700 ,ROPGTPXRFXKE,91282CME8,SELL,2000000,100-000,DONE,
2024-12-22 19:09:28.700 ,ROPGTPXRFXKE,91282CME8,BUY,3000000,100-000,DONE,
2024-12-22 19:09:28.700 ,ROPGTPXRFXKE,91282CME8,SELL,4000000,100-000,DONE,
2024-12-22 19:09:28.700 ,ROPGTPXRFXKE,91282CME8,BUY,5000000,100-000,DONE,
2024-12-22 19:09:28.700 ,ROPGTPXRFXKE,91282CJP7,SELL,1000000,100-000,DONE,
2024-12-22 19:09:28.700 ,ROPGTPXRFXKE,91282CJP7,BUY,2000000,100-000,DONE,
2024-12-22 19:09:28.700 ,ROPGTPXRFXKE,91282CJP7,SELL,3000000,100-000,DONE,
2024-12-22 19:09:28.700 ,ROPGTPXRFXKE,91282CJP7,BUY,4000000,100-000,DONE,
2024-12-22 19:09:28.700 ,ROPGTPXRFXKE,91282CJP7,SELL,5000000,100-000,DONE,
2024-12-22 19:09:28.700 ,ROPGTPXRFXKE,91282CJP7,BUY,1000000,100-000,DONE,
2024-12-22 19:09:28.700 ,ROPGTPXRFXKE,91282CJP7,SELL,2000000,100-000,DONE,
2024-12-22 19:09:28.700 ,ROPGTPXRFXKE,91282CJP7,BUY,3000000,100-000,DONE,
2024-12-22 19:09:28.700 ,ROPGTPXRFXKE,91282CJP7,SELL,4000000,100-000,DONE,
2024-12-22 19:09:28.701 ,ROPGTPXRFXKE,91282CJP7,BUY,5000000,100-000,DONE,
2024-12-22 19:09:28.701 ,ROPGTPXRFXKE,91282CJN2,SELL,1000000,100-000,DONE,
2024-12-22 19:09:28.701 ,ROPGTPXRFXKE,91282CJN2,BUY,2000000,100-000,DONE,
2024-12-22 19:09:28.701 ,ROPGTPXRFXKE,91282CJN2,SELL,3000000,100-000,DONE,
2024-12-22 19:09:28.701 ,ROPGTPXRFXKE,91282CJN2,BUY,4000000,100-000,DONE,
2024-12-22 19:09:28.701 ,ROPGTPXRFXKE,91282CJN2,SELL,5000000,100-000,DONE,
2024-12-22 19:09:28.701 ,ROPGTPXRFXKE,91282CJN2,BUY,1000000,100-000,DONE,
2024-12-22 19:09:28.701 ,ROPGTPXRFXKE,91282CJN2,SELL,2000000,100-000,DONE,
2024-12-22 19:09:28.701 ,ROPGTPXRFXKE,91282CJN2,BUY,3000000,100-000,DONE,
2024-12-22 19:09:28.701 ,ZYW3W0YOS62W,91282CJN2,SELL,4000000,100-000,DONE,
2024-12-22 19:09:28.701 ,ZYW3W0YOS62W,91282CJN2,BUY,5000000,100-000,DONE,
2024-12-22 19:09:28.701 ,ZYW3W0YOS62W,91282CJM4,SELL,1000000,100-000,DONE,
2024-12-22 19:09:28.701 ,ZYW3W0YOS62W,91282CJM4,BUY,2000000,100-000,DONE,
2024-12-22 19:09:28.701 ,ZYW3W0YOS62W,91282CJM4,SELL,3000000,100-000,DONE,
2024-12-22 19:09:28.701 ,ZYW3W0YOS62W,91282CJM4,BUY,4000000,100-000,DONE,
2024-12-22 19:09:28.701 ,ZYW3W0YOS62W,91282CJM4,SELL,5000000,100-000,DONE,
2024-12-22 19:09:28.701 ,ZYW3W0YOS62W,91282CJM4,BUY,1000000,100-000,DONE,
2024-12-22 19:09:28.701 ,ZYW3W0YOS62W,91282CJM4,SELL,2000000,100-000,DONE,
2024-12-22 19:09:28.701 ,ZYW3W0YOS62W,91282CJM4,BUY,3000000,100-000,DONE,
2024-12-22 19:09:28.701 ,ZYW3W0YOS62W,91282CJM4,SELL,4000000,100-000,DONE,
2024-12-22 19:09:28.701 ,ZYW3W0YOS62W,91282CJM4,BUY,5000000,100-000,DONE,
2024-12-22 19:09:28.701 ,ZYW3W0YOS62W,91282CJJ1,SELL,1000000,100-000,DONE,
2024-12-22 19:09:28.701 ,ZYW3W0YOS62W,91282CJJ1,BUY,2000000,100-000,DONE,
2024-12-22 19:09:28.701 ,ZYW3W0YOS62W,91282CJJ1,SELL,3000000,100-000,DONE,
2024-12-22 19:09:28.701 ,ZYW3W0YOS62W,91282CJJ1,BUY,4000000,100-000,DONE,
2024-12-22 19:09:28.701 ,ZYW3W0YOS62W,91282CJJ1,SELL,5000000,100-000,DONE,
2024-12-22 19:09:28.701 ,ZYW3W0YOS62W,91282CJJ1,BUY,1000000,100-000,DONE,
2024-12-22 19:09:28.701 ,ZYW3W0YOS62W,91282CJJ1,SELL,2000000,100-000,DONE,
2024-12-22 19:09:28.701 ,ZYW3W0YOS62W,91282CJJ1,BUY,3000000,100-000,DONE,
2024-12-22 19:09:28.701 ,ZYW3W0YOS62W,91282CJJ1,SELL,4000000,100-000,DONE,
2024-12-22 19:09:28.702 ,ZYW3W0YOS62W,91282CJJ1,BUY,5000000,100-000,DONE,
2024-12-22 19:09:28.702 ,ZYW3W0YOS62W,912810TW8,SELL,1000000,100-000,DONE,
2024-12-22 19:09:28.702 ,ZYW3W0YOS62W,912810TW8,BUY,2000000,100-000,DONE,
2024-12-22 19:09:28.702 ,ZYW3W0YOS62W,912810TW8,SELL,3000000,100-000,DONE,
2024-12-22 19:09:28.702 ,ZYW3W0YOS62W,912810TW8,BUY,4000000,100-000,DONE,
2024-12-22 19:09:28.702 ,ZYW3W0YOS62W,912810TW8,SELL,5000000,100-000,DONE,
2024-12-22 19:09:28.702 ,ZYW3W0YOS62W,912810TW8,BUY,1000000,100-000,DONE,
2024-12-22 19:09:28.702 ,ZYW3W0YOS62W,912810TW8,SELL,2000000,100-000,DONE,
2024-12-22 19:09:28.702 ,ZYW3W0YOS62W,912810TW8,BUY,3000000,100-000,DONE,
2024-12-22 19:09:28.702 ,ZYW3W0YOS62W,912810TW8,SELL,4000000,100-000,DONE,
2024-12-22 19:09:28.702 ,ZYW3W0YOS62W,912810TW8,BUY,5000000,100-000,DONE,
2024-12-22 19:09:28.702 ,ZYW3W0YOS62W,912810TV0,SELL,1000000,100-000,DONE,
2024-12-22 19:09:28.702 ,ZYW3W0YOS62W,912810TV0,BUY,2000000,100-000,DONE,
2024-12-22 19:09:28.702 ,ZYW3W0YOS62W,912810TV0,SELL,3000000,100-000,DONE,
2024-12-22 19:09:28.702 ,ZYW3W0YOS62W,912810TV0,BUY,4000000,100-000,DONE,
2024-12-22 19:09:28.702 ,ZYW3W0YOS62W,912810TV0,SELL,5000000,100-000,DONE,
2024-12-22 19:09:28.702 ,ZYW3W0YOS62W,912810TV0,BUY,1000000,100-000,DONE,
2024-12-22 19:09:28.702 ,ZYW3W0YOS62W,912810TV0,SELL,2000000,100-000,DONE,
2024-12-22 19:09:28.702 ,ZYW3W0YOS62W,912810TV0,BUY,3000000,100-000,DONE,
2024-12-22 19:09:28.702 ,ZYW3W0YOS62W,912810TV0,SELL,4000000,100-000,DONE,
2024-12-22 19:09:28.702 ,ZYW3W0YOS62W,912810TV0,BUY,5000000,100-000,DONE,
2024-12-22 19:09:35.855 ,XS0152PF8SEN,91282CME8,SELL,1000000,100-000,DONE,
2024-12-22 19:09:35.856 ,XS0152PF8SEN,91282CME8,BUY,2000000,100-000,DONE,
2024-12-22 19:09:35.856 ,XS0152PF8SEN,91282CME8,SELL,3000000,100-000,DONE,
2024-12-22 19:09:35.856 ,XS0152PF8SEN,91282CME8,BUY,4000000,100-000,DONE,
2024-12-22 19:09:35.856 ,XS0152PF8SEN,91282CME8,SELL,5000000,100-000,DONE,
2024-12-22 19:09:35.856 ,XS0152PF8SEN,91282CME8,BUY,1000000,100-000,DONE,
2024-12-22 19:09:35.856 ,XS0152PF8SEN,91282CME8,SELL,2000000,100-000,DONE,
2024-12-22 19:09:35.856 ,XS0152PF8SEN,91282CME8,BUY,3000000,100-000,DONE,
2024-12-22 19:09:35.856 ,XS0152PF8SEN,91282CME8,SELL,4000000,100-000,DONE,
2024-12-22 19:09:35.856 ,XS0152PF8SEN,91282CME8,BUY,5000000,100-000,DONE,
2024-12-22 19:09:35.856 ,XS0152PF8SEN,91282CJP7,SELL,1000000,100-000,DONE,
2024-12-22 19:09:35.856 ,XS0152PF8SEN,91282CJP7,BUY,2000000,100-000,DONE,
2024-12-22 19:09:35.856 ,XS0152PF8SEN,91282CJP7,SELL,3000000,100-000,DONE,
2024-12-22 19:09:35.856 ,XS0152PF8SEN,91282CJP7,BUY,4000000,100-000,DONE,
2024-12-22 19:09:35.856 ,XS0152PF8SEN,91282CJP7,SELL,5000000,100-000,DONE,
2024-12-22 19:09:35.856 ,XS0152PF8SEN,91282CJP7,BUY,1000000,100-000,DONE,
2024-12-22 19:09:35.856 ,XS0152PF8SEN,91282CJP7,SELL,2000000,100-000,DONE,
2024-12-22 19:09:35.856 ,XS0152PF8SEN,91282CJP7,BUY,3000000,100-000,DONE,
2024-12-22 19:09:35.856 ,XS0152PF8SEN,91282CJP7,SELL,4000000,100-000,DONE,
2024-12-22 19:09:35.856 ,XS0152PF8SEN,91282CJP7,BUY,5000000,100-000,DONE,
2024-12-22 19:09:35.856 ,XS0152PF8SEN,91282CJN2,SELL,1000000,100-000,DONE,
2024-12-22 19:09:35.856 ,XS0152PF8SEN,91282CJN2,BUY,2000000,100-000,DONE,
2024-12-22 19:09:35.857 ,XS0152PF8SEN,91282CJN2,SELL,3000000,100-000,DONE,
2024-12-22 19:09:35.857 ,XS0152PF8SEN,91282CJN2,BUY,4000000,100-000,DONE,
2024-12-22 19:09:35.857 ,XS0152PF8SEN,91282CJN2,SELL,5000000,100-000,DONE,
2024-12-22 19:09:35.857 ,XS0152PF8SEN,91282CJN2,BUY,1000000,100-000,DONE,
2024-12-22 19:09:35.857 ,XS0152PF8SEN,91282CJN2,SELL,2000000,100-000,DONE,
2024-12-22 19:09:35.857 ,XS0152PF8SEN,91282CJN2,BUY,3000000,100-000,DONE,
2024-12-22 19:09:35.857 ,XS0152PF8SEN,91282CJN2,SELL,4000000,100-000,DONE,
2024-12-22 19:09:35.857 ,XS0152PF8SEN,91282CJN2,BUY,5000000,100-000,DONE,
2024-12-22 19:09:35.857 ,XS0152PF8SEN,91282CJM4,SELL,1000000,100-000,DONE,
2024-12-22 19:09:35.857 ,XS0152PF8SEN,91282CJM4,BUY,2000000,100-000,DONE,
2024-12-22 19:09:35.857 ,XS0152PF8SEN,91282CJM4,SELL,3000000,100-000,DONE,
2024-12-22 19:09:35.857 ,XS0152PF8SEN,91282CJM4,BUY,4000000,100-000,DONE,
2024-12-22 19:09:35.857 ,XS0152PF8SEN,91282CJM4,SELL,5000000,100-000,DONE,
2024-12-22 19:09:35.857 ,XS0152PF8SEN,91282CJM4,BUY,1000000,100-000,DONE,
2024-12-22 19:09:35.857 ,XS0152PF8SEN,91282CJM4,SELL,2000000,100-000,DONE,
2024-12-22 19:09:35.857 ,Q2GN9Z9YPIHW,91282CJM4,BUY,3000000,100-000,DONE,
2024-12-22 19:09:35.857 ,Q2GN9Z9YPIHW,91282CJM4,SELL,4000000,100-000,DONE,
2024-12-22 19:09:35.857 ,Q2GN9Z9YPIHW,91282CJM4,BUY,5000000,100-000,DONE,
2024-12-22 19:09:35.857 ,Q2GN9Z9YPIHW,91282CJJ1,SELL,1000000,100-000,DONE,
2024-12-22 19:09:35.857 ,Q2GN9Z9YPIHW,91282CJJ1,BUY,2000000,100-000,DONE,
2024-12-22 19:09:35.857 ,Q2GN9Z9YPIHW,91282CJJ1,SELL,3000000,100-000,DONE,
2024-12-22 19:09:35.857 ,Q2GN9Z9YPIHW,91282CJJ1,BUY,4000000,100-000,DONE,
2024-12-22 19:09:35.857 ,Q2GN9Z9YPIHW,91282CJJ1,SELL,5000000,100-000,DONE,
2024-12-22 19:09:35.857 ,Q2GN9Z9YPIHW,91282CJJ1,BUY,1000000,100-000,DONE,
2024-12-22 19:09:35.857 ,Q2GN9Z9YPIHW,91282CJJ1,SELL,2000000,100-000,DONE,
2024-12-22 19:09:35.857 ,Q2GN9Z9YPIHW,91282CJJ1,BUY,3000000,100-000,DONE,
2024-12-22 19:09:35.857 ,Q2GN9Z9YPIHW,91282CJJ1,SELL,4000000,100-000,DONE,
2024-12-22 19:09:35.857 ,Q2GN9Z9YPIHW,91282CJJ1,BUY,5000000,100-000,DONE,
2024-12-22 19:09:35.857 ,Q2GN9Z9YPIHW,912810TW8,SELL,1000000,100-000,DONE,
2024-12-22 19:09:35.857 ,Q2GN9Z9YPIHW,912810TW8,BUY,2000000,100-000,DONE,
2024-12-22 19:09:35.857 ,Q2GN9Z9YPIHW,912810TW8,SELL,3000000,100-000,DONE,
2024-12-22 19:09:35.857 ,Q2GN9Z9YPIHW,912810TW8,BUY,4000000,100-000,DONE,
2024-12-22 19:09:35.858 ,Q2GN9Z9YPIHW,912810TW8,SELL,5000000,100-000,DONE,
2024-12-22 19:09:35.858 ,Q2GN9Z9YPIHW,912810TW8,BUY,1000000,100-000,DONE,
2024-12-22 19:09:35.858 ,Q2GN9Z9YPIHW,912810TW8,SELL,2000000,100-000,DONE,
2024-12-22 19:09:35.858 ,Q2GN9Z9YPIHW,912810TW8,BUY,3000000,100-000,DONE,
2024-12-22 19:09:35.858 ,Q2GN9Z9YPIHW,912810TW8,SELL,4000000,100-000,DONE,
2024-12-22 19:09:35.858 ,Q2GN9Z9YPIHW,912810TW8,BUY,5000000,100-000,DONE,
2024-12-22 19:09:35.858 ,RLE0HEPQX5V2,912810TV0,SELL,1000000,100-000,DONE,
2024-12-22 19:09:35.858 ,RLE0HEPQX5V2,912810TV0,BUY,2000000,100-000,DONE,
2024-12-22 19:09:35.858 ,RLE0HEPQX5V2,912810TV0,SELL,3000000,100-000,DONE,
2024-12-22 19:09:35.858 ,RLE0HEPQX5V2,912810TV0,BUY,4000000,100-000,DONE,
2024-12-22 19:09:35.858 ,RLE0HEPQX5V2,912810TV0,SELL,5000000,100-000,DONE,
2024-12-22 19:09:35.858 ,RLE0HEPQX5V2,912810TV0,BUY,1000000,100-000,DONE,
2024-12-22 19:09:35.858 ,RLE0HEPQX5V2,912810TV0,SELL,2000000,100-000,DONE,
2024-12-22 19:09:35.858 ,RLE0HEPQX5V2,912810TV0,BUY,3000000,100-000,DONE,
2024-12-22 19:09:35.858 ,RLE0HEPQX5V2,912810TV0,SELL,4000000,100-000,DONE,
2024-12-22 19:09:35.858 ,RLE0HEPQX5V2,912810TV0,BUY,5000000,100-000,DONE,
2024-12-22 19:10:57.351 ,J0JJBG7OJIED,91282CME8,SELL,1000000,100-000,DONE,
2024-12-22 19:10:57.351 ,J0JJBG7OJIED,91282CME8,BUY,2000000,100-000,DONE,
2024-12-22 19:10:57.351 ,J0JJBG7OJIED,91282CME8,SELL,3000000,100-000,DONE,
2024-12-22 19:10:57.351 ,J0JJBG7OJIED,91282CME8,BUY,4000000,100-000,DONE,
2024-12-22 19:10:57.351 ,J0JJBG7OJIED,91282CME8,SELL,5000000,100-000,DONE,
2024-12-22 19:10:57.351 ,J0JJBG7OJIED,91282CME8,BUY,1000000,100-000,DONE,
2024-12-22 19:10:57.351 ,J0JJBG7OJIED,91282CME8,SELL,2000000,100-000,DONE,
2024-12-22 19:10:57.351 ,J0JJBG7OJIED,91282CME8,BUY,3000000,100-000,DONE,
2024-12-22 19:10:57.352 ,J0JJBG7OJIED,91282CME8,SELL,4000000,100-000,DONE,
2024-12-22 19:10:57.352 ,J0JJBG7OJIED,91282CME8,BUY,5000000,100-000,DONE,
2024-12-22 19:10:57.352 ,J0JJBG7OJIED,91282CJP7,SELL,1000000,100-000,DONE,
2024-12-22 19:10:57.352 ,J0JJBG7OJIED,91282CJP7,BUY,2000000,100-000,DONE,
2024-12-22 19:10:57.352 ,J0JJBG7OJIED,91282CJP7,SELL,3000000,100-000,DONE,
2024-12-22 19:10:57.352 ,J0JJBG7OJIED,91282CJP7,BUY,4000000,100-000,DONE,
2024-12-22 19:10:57.352 ,J0JJBG7OJIED,91282CJP7,SELL,5000000,100-000,DONE,
2024-12-22 19:10:57.352 ,J0JJBG7OJIED,91282CJP7,BUY,1000000,100-000,DONE,
2024-12-22 19:10:57.352 ,J0JJBG7OJIED,91282CJP7,SELL,2000000,100-000,DONE,
2024-12-22 19:10:57.352 ,J0JJBG7OJIED,91282CJP7,BUY,3000000,100-000,DONE,
2024-12-22 19:10:57.352 ,J0JJBG7OJIED,91282CJP7,SELL,4000000,100-000,DONE,
2024-12-22 19:10:57.352 ,J0JJBG7OJIED,91282CJP7,BUY,5000000,100-000,DONE,
2024-12-22 19:10:57.352 ,J0JJBG7OJIED,91282CJN2,SELL,1000000,100-000,DONE,
2024-12-22 19:10:57.352 ,J0JJBG7OJIED,91282CJN2,BUY,2000000,100-000,DONE,
2024-12-22 19:10:57.352 ,J0JJBG7OJIED,91282CJN2,SELL,3000000,100-000,DONE,
2024-12-22 19:10:57.352 ,J0JJBG7OJIED,91282CJN2,BUY,4000000,100-000,DONE,
2024-12-22 19:10:57.352 ,J0JJBG7OJIED,91282CJN2,SELL,5000000,100-000,DONE,
2024-12-22 19:10:57.352 ,J0JJBG7OJIED,91282CJN2,BUY,1000000,100-000,DONE,
2024-12-22 19:10:57.352 ,J0JJBG7OJIED,91282CJN2,SELL,2000000,100-000,DONE,
2024-12-22 19:10:57.352 ,J0JJBG7OJIED,91282CJN2,BUY,3000000,100-000,DONE,
2024-12-22 19:10:57.352 ,J0JJBG7OJIED,91282CJN2,SELL,4000000,100-000,DONE,
2024-12-22 19:10:57.352 ,J0JJBG7OJIED,91282CJN2,BUY,5000000,100-000,DONE,
2024-12-22 19:10:57.352 ,J0JJBG7OJIED,91282CJM4,SELL,1000000,100-000,DONE,
2024-12-22 19:10:57.352 ,J0JJBG7OJIED,91282CJM4,BUY,2000000,100-000,DONE,
2024-12-22 19:10:57.352 ,J0JJBG7OJIED,91282CJM4,SELL,3000000,100-000,DONE,
2024-12-22 19:10:57.352 ,OR7ZZLL98A9V,91282CJM4,BUY,4000000,100-000,DONE,
2024-12-22 19:10:57.352 ,OR7ZZLL98A9V,91282CJM4,SELL,5000000,100-000,DONE,
2024-12-22 19:10:57.352 ,OR7ZZLL98A9V,91282CJM4,BUY,1000000,100-000,DONE,
2024-12-22 19:10:57.353 ,OR7ZZLL98A9V,91282CJM4,SELL,2000000,100-000,DONE,
2024-12-22 19:10:57.353 ,OR7ZZLL98A9V,91282CJM4,BUY,3000000,100-000,DONE,
2024-12-22 19:10:57.353 ,OR7ZZLL98A9V,91282CJM4,SELL,4000000,100-000,DONE,
2024-12-22 19:10:57.353 ,OR7ZZLL98A9V,91282CJM4,BUY,5000000,100-000,DONE,
2024-12-22 19:10:57.353 ,OR7ZZLL98A9V,91282CJJ1,SELL,1000000,100-000,DONE,
2024-12-22 19:10:57.353 ,OR7ZZLL98A9V,91282CJJ1,BUY,2000000,100-000,DONE,
2024-12-22 19:10:57.353 ,OR7ZZLL98A9V,91282CJJ1,SELL,3000000,100-000,DONE,
2024-12-22 19:10:57.353 ,OR7ZZLL98A9V,91282CJJ1,BUY,4000000,100-000,DONE,
2024-12-22 19:10:57.353 ,OR7ZZLL98A9V,91282CJJ1,SELL,5000000,100-000,DONE,
2024-12-22 19:10:57.353 ,OR7ZZLL98A9V,91282CJJ1,BUY,1000000,100-000,DONE,
2024-12-22 19:10:57.353 ,OR7ZZLL98A9V,91282CJJ1,SELL,2000000,100-000,DONE,
2024-12-22 19:10:57.353 ,OR7ZZLL98A9V,91282CJJ1,BUY,3000000,100-000,DONE,
2024-12-22 19:10:57.353 ,OR7ZZLL98A9V,91282CJJ1,SELL,4000000,100-000,DONE,
2024-12-22 19:10:57.353 ,OR7ZZLL98A9V,91282CJJ1,BUY,5000000,100-000,DONE,
2024-12-22 19:10:57.353 ,OR7ZZLL98A9V,912810TW8,SELL,1000000,100-000,DONE,
2024-12-22 19:10:57.353 ,OR7ZZLL98A9V,912810TW8,BUY,2000000,100-000,DONE,
2024-12-22 19:10:57.353 ,OR7ZZLL98A9V,912810TW8,SELL,3000000,100-000,DONE,
2024-12-22 19:10:57.353 ,OR7ZZLL98A9V,912810TW8,BUY,4000000,100-000,DONE,
2024-12-22 19:10:57.353 ,OR7ZZLL98A9V,912810TW8,SELL,5000000,100-000,DONE,
2024-12-22 19:10:57.353 ,OR7ZZLL98A9V,912810TW8,BUY,1000000,100-000,DONE,
2024-12-22 19:10:57.353 ,OR7ZZLL98A9V,912810TW8,SELL,2000000,100-000,DONE,
2024-12-22 19:10:57.353 ,OR7ZZLL98A9V,912810TW8,BUY,3000000,100-000,DONE,
2024-12-22 19:10:57.353 ,OR7ZZLL98A9V,912810TW8,SELL,4000000,100-000,DONE,
2024-12-22 19:10:57.353 ,OR7ZZLL98A9V,912810TW8,BUY,5000000,100-000,DONE,
2024-12-22 19:10:57.353 ,OR7ZZLL98A9V,912810TV0,SELL,1000000,100-000,DONE,
2024-12-22 19:10:57.353 ,OR7ZZLL98A9V,912810TV0,BUY,2000000,100-000,DONE,
2024-12-22 19:10:57.353 ,OR7ZZLL98A9V,912810TV0,SELL,3000000,100-000,DONE,
2024-12-22 19:10:57.353 ,OR7ZZLL98A9V,912810TV0,BUY,4000000,100-000,DONE,
2024-12-22 19:10:57.353 ,OR7ZZLL98A9V,912810TV0,SELL,5000000,100-000,DONE,
2024-12-22 19:10:57.353 ,OR7ZZLL98A9V,912810TV0,BUY,1000000,100-000,DONE,
2024-12-22 19:10:57.353 ,OR7ZZLL98A9V,912810TV0,SELL,2000000,100-000,DONE,
2024-12-22 19:10:57.353 ,OR7ZZLL98A9V,912810TV0,BUY,3000000,100-000,DONE,
2024-12-22 19:10:57.353 ,OR7ZZLL98A9V,912810TV0,SELL,4000000,100-000,DONE,
2024-12-22 19:10:57.353 ,OR7ZZLL98A9V,912810TV0,BUY,5000000,100-000,DONE,
2024-12-22 19:46:56.664 ,JD7JN35YMQ6R,91282CLY5,SELL,1000000,100-000,DONE,
2024-12-22 19:46:56.667 ,JD7JN35YMQ6R,91282CLY5,BUY,2000000,100-000,DONE,
2024-12-22 19:46:56.667 ,JD7JN35YMQ6R,91282CLY5,SELL,3000000,100-000,DONE,
2024-12-22 19:46:56.667 ,JD7JN35YMQ6R,91282CLY5,BUY,4000000,100-000,DONE,
2024-12-22 19:46:56.667 ,JD7JN35YMQ6R,91282CLY5,SELL,5000000,100-000,DONE,
2024-12-22 19:46:56.667 ,JD7JN35YMQ6R,91282CLY5,BUY,1000000,100-000,DONE,
2024-12-22 19:46:56.668 ,JD7JN35YMQ6R,91282CLY5,SELL,2000000,100-000,DONE,
2024-12-22 19:46:56.668 ,7A5YK84N0Q8E,91282CLY5,BUY,3000000,100-000,DONE,
2024-12-22 19:46:56.668 ,7A5YK84N0Q8E,91282CLY5,SELL,4000000,100-000,DONE,
2024-12-22 19:46:56.668 ,7A5YK84N0Q8E,91282CLY5,BUY,5000000,100-000,DONE,
2024-12-22 19:46:56.668 ,7A5YK84N0Q8E,91282CMB4,SELL,1000000,100-000,DONE,
2024-12-22 19:46:56.668 ,7A5YK84N0Q8E,91282CMB4,BUY,2000000,100-000,DONE,
2024-12-22 19:46:56.668 ,7A5YK84N0Q8E,91282CMB4,SELL,3000000,100-000,DONE,
2024-12-22 19:46:56.668 ,7A5YK84N0Q8E,91282CMB4,BUY,4000000,100-000,DONE,
2024-12-22 19:46:56.668 ,7A5YK84N0Q8E,91282CMB4,SELL,5000000,100-000,DONE,
2024-12-22 19:46:56.668 ,7A5YK84N0Q8E,91282CMB4,BUY,1000000,100-000,DONE,
2024-12-22 19:46:56.668 ,7A5YK84N0Q8E,91282CMB4,SELL,2000000,100-000,DONE,
2024-12-22 19:46:56.668 ,7A5YK84N0Q8E,91282CMB4,BUY,3000000,100-000,DONE,
2024-12-22 19:46:56.668 ,7A5YK84N0Q8E,91282CMB4,SELL,4000000,100-000,DONE,
2024-12-22 19:46:56.668 ,7A5YK84N0Q8E,91282CMB4,BUY,5000000,100-000,DONE,
2024-12-22 19:46:56.668 ,7A5YK84N0Q8E,91282CMA6,SELL,1000000,100-000,DONE,
2024-12-22 19:46:56.668 ,7A5YK84N0Q8E,91282CMA6,BUY,2000000,100-000,DONE,
2024-12-22 19:46:56.668 ,7A5YK84N0Q8E,91282CMA6,SELL,3000000,100-000,DONE,
2024-12-22 19:46:56.668 ,7A5YK84N0Q8E,91282CMA6,BUY,4000000,100-000,DONE,
2024-12-22 19:46:56.668 ,7A5YK84N0Q8E,91282CMA6,SELL,5000000,100-000,DONE,
2024-12-22 19:46:56.668 ,7A5YK84N0Q8E,91282CMA6,BUY,1000000,100-000,DONE,
2024-12-22 19:46:56.668 ,7A5YK84N0Q8E,91282CMA6,SELL,2000000,100-000,DONE,
2024-12-22 19:46:56.668 ,7A5YK84N0Q8E,91282CMA6,BUY,3000000,100-000,DONE,
2024-12-22 19:46:56.668 ,7A5YK84N0Q8E,91282CMA6,SELL,4000000,100-000,DONE,
2024-12-22 19:46:56.668 ,7A5YK84N0Q8E,91282CMA6,BUY,5000000,100-000,DONE,
2024-12-22 19:46:56.668 ,7A5YK84N0Q8E,91282CLZ2,SELL,1000000,100-000,DONE,
2024-12-22 19:46:56.668 ,7A5YK84N0Q8E,91282CLZ2,BUY,2000000,100-000,DONE,
2024-12-22 19:46:56.668 ,7A5YK84N0Q8E,91282CLZ2,SELL,3000000,100-000,DONE,
2024-12-22 19:46:56.668 ,7A5YK84N0Q8E,91282CLZ2,BUY,4000000,100-000,DONE,
2024-12-22 19:46:56.668 ,7A5YK84N0Q8E,91282CLZ2,SELL,5000000,100-000,DONE,
2024-12-22 19:46:56.668 ,7A5YK84N0Q8E,91282CLZ2,BUY,1000000,100-000,DONE,
2024-12-22 19:46:56.668 ,7A5YK84N0Q8E,91282CLZ2,SELL,2000000,100-000,DONE,
2024-12-22 19:46:56.668 ,7A5YK84N0Q8E,91282CLZ2,BUY,3000000,100-000,DONE,
2024-12-22 19:46:56.668 ,7A5YK84N0Q8E,91282CLZ2,SELL,4000000,100-000,DONE,
2024-12-22 19:46:56.668 ,7A5YK84N0Q8E,91282CLZ2,BUY,5000000,100-000,DONE,
2024-12-22 19:46:56.668 ,7A5YK84N0Q8E,91282CLW9,SELL,1000000,100-000,DONE,
2024-12-22 19:46:56.668 ,7A5YK84N0Q8E,91282CLW9,BUY,2000000,100-000,DONE,
2024-12-22 19:46:56.668 ,7A5YK84N0Q8E,91282CLW9,SELL,3000000,100-000,DONE,
2024-12-22 19:46:56.668 ,7A5YK84N0Q8E,91282CLW9,BUY,4000000,100-000,DONE,
2024-12-22 19:46:56.668 ,7A5YK84N0Q8E,91282CLW9,SELL,5000000,100-000,DONE,
2024-12-22 19:46:56.668 ,7A5YK84N0Q8E,91282CLW9,BUY,1000000,100-000,DONE,
2024-12-22 19:46:56.668 ,7A5YK84N0Q8E,91282CLW9,SELL,2000000,100-000,DONE,
2024-12-22 19:46:56.668 ,7A5YK84N0Q8E,91282CLW9,BUY,3000000,100-000,DONE,
2024-12-22 19:46:56.668 ,7A5YK84N0Q8E,91282CLW9,SELL,4000000,100-000,DONE,
2024-12-22 19:46:56.668 ,7A5YK84N0Q8E,91282CLW9,BUY,5000000,100-000,DONE,
2024-12-22 19:46:56.668 ,7A5YK84N0Q8E,912810UF3,SELL,1000000,100-000,DONE,
2024-12-22 19:46:56.668 ,7A5YK84N0Q8E,912810UF3,BUY,2000000,100-000,DONE,
2024-12-22 19:46:56.668 ,7A5YK84N0Q8E,912810UF3,SELL,3000000,100-000,DONE,
2024-12-22 19:46:56.668 ,7A5YK84N0Q8E,912810UF3,BUY,4000000,100-000,DONE,
2024-12-22 19:46:56.668 ,7A5YK84N0Q8E,912810UF3,SELL,5000000,100-000,DONE,
2024-12-22 19:46:56.668 ,7A5YK84N0Q8E,912810UF3,BUY,1000000,100-000,DONE,
2024-12-22 19:46:56.668 ,7A5YK84N0Q8E,912810UF3,SELL,2000000,100-000,DONE,
2024-12-22 19:46:56.668 ,7A5YK84N0Q8E,912810UF3,BUY,3000000,100-000,DONE,
2024-12-22 19:46:56.668 ,7A5YK84N0Q8E,912810UF3,SELL,4000000,100-000,DONE,
2024-12-22 19:46:56.668 ,7A5YK84N0Q8E,912810UF3,BUY,5000000,100-000,DONE,
2024-12-22 19:46:56.668 ,7A5YK84N0Q8E,912810UE6,SELL,1000000,100-000,DONE,
2024-12-22 19:46:56.668 ,7A5YK84N0Q8E,912810UE6,BUY,2000000,100-000,DONE,
2024-12-22 19:46:56.668 ,7A5YK84N0Q8E,912810UE6,SELL,3000000,100-000,DONE,
2024-12-22 19:46:56.668 ,7A5YK84N0Q8E,912810UE6,BUY,4000000,100-000,DONE,
2024-12-22 19:46:56.668 ,7A5YK84N0Q8E,912810UE6,SELL,5000000,100-000,DONE,
2024-12-22 19:46:56.668 ,7A5YK84N0Q8E,912810UE6,BUY,1000000,100-000,DONE,
2024-12-22 19:46:56.668 ,7A5YK84N0Q8E,912810UE6,SELL,2000000,100-000,DONE,
2024-12-22 19:46:56.668 ,7A5YK84N0Q8E,912810UE6,BUY,3000000,100-000,DONE,
2024-12-22 19:46:56.668 ,7A5YK84N0Q8E,912810UE6,SELL,4000000,100-000,DONE,
2024-12-22 19:46:56.668 ,7A5YK84N0Q8E,912810UE6,BUY,5000000,100-000,DONE,
2024-12-22 19:52:03.086 ,PZA297K5Z5Y3,91282CLY5,SELL,1000000,100-000,DONE,
2024-12-22 19:52:03.086 ,PZA297K5Z5Y3,91282CLY5,BUY,2000000,100-000,DONE,
2024-12-22 19:52:03.086 ,PZA297K5Z5Y3,91282CLY5,SELL,3000000,100-000,DONE,
2024-12-22 19:52:03.087 ,PZA297K5Z5Y3,91282CLY5,BUY,4000000,100-000,DONE,
2024-12-22 19:52:03.087 ,PZA297K5Z5Y3,91282CLY5,SELL,5000000,100-000,DONE,
2024-12-22 19:52:03.087 ,PZA297K5Z5Y3,91282CLY5,BUY,1000000,100-000,DONE,
2024-12-22 19:52:03.087 ,PZA297K5Z5Y3,91282CLY5,SELL,2000000,100-000,DONE,
2024-12-22 19:52:03.087 ,PZA297K5Z5Y3,91282CLY5,BUY,3000000,100-000,DONE,
2024-12-22 19:52:03.087 ,PZA297K5Z5Y3,91282CLY5,SELL,4000000,100-000,DONE,
2024-12-22 19:52:03.087 ,PZA297K5Z5Y3,91282CLY5,BUY,5000000,100-000,DONE,
2024-12-22 19:52:03.087 ,PZA297K5Z5Y3,91282CMB4,SELL,1000000,100-000,DONE,
2024-12-22 19:52:03.087 ,PZA297K5Z5Y3,91282CMB4,BUY,2000000,100-000,DONE,
2024-12-22 19:52:03.087 ,PZA297K5Z5Y3,91282CMB4,SELL,3000000,100-000,DONE,
2024-12-22 19:52:03.087 ,PZA297K5Z5Y3,91282CMB4,BUY,4000000,100-000,DONE,
2024-12-22 19:52:03.087 ,PZA297K5Z5Y3,91282CMB4,SELL,5000000,100-000,DONE,
2024-12-22 19:52:03.087 ,PZA297K5Z5Y3,91282CMB4,BUY,1000000,100-000,DONE,
2024-12-22 19:52:03.087 ,PZA297K5Z5Y3,91282CMB4,SELL,2000000,100-000,DONE,
2024-12-22 19:52:03.087 ,PZA297K5Z5Y3,91282CMB4,BUY,3000000,100-000,DONE,
2024-12-22 19:52:03.087 ,PZA297K5Z5Y3,91282CMB4,SELL,4000000,100-000,DONE,
2024-12-22 19:52:03.087 ,PZA297K5Z5Y3,91282CMB4,BUY,5000000,100-000,DONE,
2024-12-22 19:52:03.087 ,PZA297K5Z5Y3,91282CMA6,SELL,1000000,100-000,DONE,
2024-12-22 19:52:03.087 ,PZA297K5Z5Y3,91282CMA6,BUY,2000000,100-000,DONE,
2024-12-22 19:52:03.087 ,PZA297K5Z5Y3,91282CMA6,SELL,3000000,100-000,DONE,
2024-12-22 19:52:03.087 ,PZA297K5Z5Y3,91282CMA6,BUY,4000000,100-000,DONE,
2024-12-22 19:52:03.087 ,PZA297K5Z5Y3,91282CMA6,SELL,5000000,100-000,DONE,
2024-12-22 19:52:03.087 ,PZA297K5Z5Y3,91282CMA6,BUY,1000000,100-000,DONE,
2024-12-22 19:52:03.087 ,PZA297K5Z5Y3,91282CMA6,SELL,2000000,100-000,DONE,
2024-12-22 19:52:03.087 ,QL8HOZXL6RQM,91282CMA6,BUY,3000000,100-000,DONE,
2024-12-22 19:52:03.087 ,QL8HOZXL6RQM,91282CMA6,SELL,4000000,100-000,DONE,
2024-12-22 19:52:03.087 ,QL8HOZXL6RQM,91282CMA6,BUY,5000000,100-000,DONE,
2024-12-22 19:52:03.087 ,QL8HOZXL6RQM,91282CLZ2,SELL,1000000,100-000,DONE,
2024-12-22 19:52:03.087 ,QL8HOZXL6RQM,91282CLZ2,BUY,2000000,100-000,DONE,
2024-12-22 19:52:03.087 ,QL8HOZXL6RQM,91282CLZ2,SELL,3000000,100-000,DONE,
2024-12-22 19:52:03.087 ,QL8HOZXL6RQM,91282CLZ2,BUY,4000000,100-000,DONE,
2024-12-22 19:52:03.087 ,QL8HOZXL6RQM,91282CLZ2,SELL,5000000,100-000,DONE,
2024-12-22 19:52:03.087 ,QL8HOZXL6RQM,91282CLZ2,BUY,1000000,100-000,DONE,
2024-12-22 19:52:03.087 ,QL8HOZXL6RQM,91282CLZ2,SELL,2000000,100-000,DONE,
2024-12-22 19:52:03.087 ,QL8HOZXL6RQM,91282CLZ2,BUY,3000000,100-000,DONE,
2024-12-22 19:52:03.087 ,QL8HOZXL6RQM,91282CLZ2,SELL,4000000,100-000,DONE,
2024-12-22 19:52:03.087 ,QL8HOZXL6RQM,91282CLZ2,BUY,5000000,100-000,DONE,
2024-12-22 19:52:03.087 ,QL8HOZXL6RQM,91282CLW9,SELL,1000000,100-000,DONE,
2024-12-22 19:52:03.087 ,QL8HOZXL6RQM,91282CLW9,BUY,2000000,100-000,DONE,
2024-12-22 19:52:03.087 ,QL8HOZXL6RQM,91282CLW9,SELL,3000000,100-000,DONE,
2024-12-22 19:52:03.087 ,QL8HOZXL6RQM,91282CLW9,BUY,4000000,100-000,DONE,
2024-12-22 19:52:03.087 ,QL8HOZXL6RQM,91282CLW9,SELL,5000000,100-000,DONE,
2024-12-22 19:52:03.087 ,QL8HOZXL6RQM,91282CLW9,BUY,1000000,100-000,DONE,
2024-12-22 19:52:03.088 ,QL8HOZXL6RQM,91282CLW9,SELL,2000000,100-000,DONE,
2024-12-22 19:52:03.088 ,QL8HOZXL6RQM,91282CLW9,BUY,3000000,100-000,DONE,
2024-12-22 19:52:03.088 ,QL8HOZXL6RQM,91282CLW9,SELL,4000000,100-000,DONE,
2024-12-22 19:52:03.088 ,QL8HOZXL6RQM,91282CLW9,BUY,5000000,100-000,DONE,
2024-12-22 19:52:03.088 ,QL8HOZXL6RQM,912810UF3,SELL,1000000,100-000,DONE,
2024-12-22 19:52:03.088 ,QL8HOZXL6RQM,912810UF3,BUY,2000000,100-000,DONE,
2024-12-22 19:52:03.088 ,QL8HOZXL6RQM,912810UF3,SELL,3000000,100-000,DONE,
2024-12-22 19:52:03.088 ,QL8HOZXL6RQM,912810UF3,BUY,4000000,100-000,DONE,
2024-12-22 19:52:03.088 ,QL8HOZXL6RQM,912810UF3,SELL,5000000,100-000,DONE,
2024-12-22 19:52:03.088 ,QL8HOZXL6RQM,912810UF3,BUY,1000000,100-000,DONE,
2024-12-22 19:52:03.088 ,QL8HOZXL6RQM,912810UF3,SELL,2000000,100-000,DONE,
2024-12-22 19:52:03.088 ,QL8HOZXL6RQM,912810UF3,BUY,3000000,100-000,DONE,
2024-12-22 19:52:03.088 ,QL8HOZXL6RQM,912810UF3,SELL,4000000,100-000,DONE,
2024-12-22 19:52:03.088 ,QL8HOZXL6RQM,912810UF3,BUY,5000000,100-000,DONE,
2024-12-22 19:52:03.088 ,QL8HOZXL6RQM,912810UE6,SELL,1000000,100-000,DONE,
2024-12-22 19:52:03.088 ,QL8HOZXL6RQM,912810UE6,BUY,2000000,100-000,DONE,
2024-12-22 19:52:03.088 ,QL8HOZXL6RQM,912810UE6,SELL,3000000,100-000,DONE,
2024-12-22 19:52:03.088 ,QL8HOZXL6RQM,912810UE6,BUY,4000000,100-000,DONE,
2024-12-22 19:52:03.088 ,QL8HOZXL6RQM,912810UE6,SELL,5000000,100-000,DONE,
2024-12-22 19:52:03.088 ,QL8HOZXL6RQM,912810UE6,BUY,1000000,100-000,DONE,
2024-12-22 19:52:03.088 ,QL8HOZXL6RQM,912810UE6,SELL,2000000,100-000,DONE,
2024-12-22 19:52:03.088 ,QL8HOZXL6RQM,912810UE6,BUY,3000000,100-000,DONE,
2024-12-22 19:52:03.089 ,QL8HOZXL6RQM,912810UE6,SELL,4000000,100-000,DONE,
2024-12-22 19:52:03.089 ,QL8HOZXL6RQM,912810UE6,BUY,5000000,100-000,DONE,
2024-12-22 19:59:21.179 ,FT7AA62JTY1G,91282CLY5,SELL,1000000,100-000,DONE,
2024-12-22 19:59:21.179 ,A1FJRJLXBJLR,91282CLY5,BUY,2000000,100-000,DONE,
2024-12-22 19:59:21.179 ,UW70GDXXTNL4,91282CLY5,SELL,3000000,100-000,DONE,
2024-12-22 19:59:21.179 ,SHJJSUW02H28,91282CLY5,BUY,4000000,100-000,DONE,
2024-12-22 19:59:21.179 ,T7OIZY8L1YNA,91282CLY5,SELL,5000000,100-000,DONE,
2024-12-22 19:59:21.179 ,467BE5JYELYH,91282CLY5,BUY,1000000,100-000,DONE,
2024-12-22 19:59:21.179 ,XPKZY90FFAJN,91282CLY5,SELL,2000000,100-000,DONE,
2024-12-22 19:59:21.179 ,0ONJ8WUDP3SI,91282CLY5,BUY,3000000,100-000,DONE,
2024-12-22 19:59:21.179 ,U7IWJO31GX32,91282CLY5,SELL,4000000,100-000,DONE,
2024-12-22 19:59:21.179 ,TDG319CUJ79B,91282CLY5,BUY,5000000,100-000,DONE,
2024-12-22 19:59:21.180 ,00GZP0PW2F04,91282CMB4,SELL,1000000,100-000,DONE,
2024-12-22 19:59:21.180 ,EVSYPLZJXDFV,91282CMB4,BUY,2000000,100-000,DONE,
2024-12-22 19:59:21.180 ,FO0AEGRGBKWI,91282CMB4,SELL,3000000,100-000,DONE,
2024-12-22 19:59:21.180 ,C54KUURQWW8W,91282CMB4,BUY,4000000,100-000,DONE,
2024-12-22 19:59:21.180 ,I44LF1GO54U1,91282CMB4,SELL,5000000,100-000,DONE,
2024-12-22 19:59:21.180 ,IQK17CUAKTM1,91282CMB4,BUY,1000000,100-000,DONE,
2024-12-22 19:59:21.180 ,IT3X5SG46VKF,91282CMB4,SELL,2000000,100-000,DONE,
2024-12-22 19:59:21.180 ,RQV35KCWD6K1,91282CMB4,BUY,3000000,100-000,DONE,
2024-12-22 19:59:21.180 ,HEMNVIBGRQL0,91282CMB4,SELL,4000000,100-000,DONE,
2024-12-22 19:59:21.180 ,MAZMB9HESWPO,91282CMB4,BUY,5000000,100-000,DONE,
2024-12-22 19:59:21.180 ,PNNMCU5WI0F6,91282CMA6,SELL,1000000,100-000,DONE,
2024-12-22 19:59:21.180 ,2Q95PIOQ6BNO,91282CMA6,BUY,2000000,100-000,DONE,
2024-12-22 19:59:21.180 ,RWD7F9MWNH0D,91282CMA6,SELL,3000000,100-000,DONE,
2024-12-22 19:59:21.180 ,MOQQBRNSOXAF,91282CMA6,BUY,4000000,100-000,DONE,
2024-12-22 19:59:21.180 ,VV7HGRKVZ3VG,91282CMA6,SELL,5000000,100-000,DONE,
2024-12-22 19:59:21.180 ,6A5NKG33OMG5,91282CMA6,BUY,1000000,100-000,DONE,
2024-12-22 19:59:21.180 ,K1ES7UYT5JSM,91282CMA6,SELL,2000000,100-000,DONE,
2024-12-22 19:59:21.180 ,ZS5MIZOU36KL,91282CMA6,BUY,3000000,100-000,DONE,
2024-12-22 19:59:21.180 ,F67EUB63MO35,91282CMA6,SELL,4000000,100-000,DONE,
2024-12-22 19:59:21.180 ,NNVY12FIBAY1,91282CMA6,BUY,5000000,100-000,DONE,
2024-12-22 19:59:21.180 ,DCCDGMPYUTB1,91282CLZ2,SELL,1000000,100-000,DONE,
2024-12-22 19:59:21.180 ,71AEAFZH8F1L,91282CLZ2,BUY,2000000,100-000,DONE,
2024-12-22 19:59:21.180 ,X138YKTR9HTF,91282CLZ2,SELL,3000000,100-000,DONE,
2024-12-22 19:59:21.180 ,C6CFP6CA0MPW,91282CLZ2,BUY,4000000,100-000,DONE,
2024-12-22 19:59:21.180 ,AFF4HH58M2ZX,91282CLZ2,SELL,5000000,100-000,DONE,
2024-12-22 19:59:21.180 ,IDE7DC7G15C8,91282CLZ2,BUY,1000000,100-000,DONE,
2024-12-22 19:59:21.181 ,53FZMHDICGI4,91282CLZ2,SELL,2000000,100-000,DONE,
2024-12-22 19:59:21.181 ,XT259XJFE3L6,91282CLZ2,BUY,3000000,100-000,DONE,
2024-12-22 19:59:21.181 ,C964KZEODGM2,91282CLZ2,SELL,4000000,100-000,DONE,
2024-12-22 19:59:21.181 ,J3OG93APW0KC,91282CLZ2,BUY,5000000,100-000,DONE,
2024-12-22 19:59:21.181 ,L75G6S1T2KED,91282CLW9,SELL,1000000,100-000,DONE,
2024-12-22 19:59:21.181 ,YJ3828FSOF38,91282CLW9,BUY,2000000,100-000,DONE,
2024-12-22 19:59:21.181 ,IFSW25PRYZVF,91282CLW9,SELL,3000000,100-000,DONE,
2024-12-22 19:59:21.181 ,TTMTQDXCY1WH,91282CLW9,BUY,4000000,100-000,DONE,
2024-12-22 19:59:21.181 ,SHDGEABSC543,91282CLW9,SELL,5000000,100-000,DONE,
2024-12-22 19:59:21.181 ,P7IWJNOCMQY2,91282CLW9,BUY,1000000,100-000,DONE,
2024-12-22 19:59:21.181 ,V48AKHOD9NES,91282CLW9,SELL,2000000,100-000,DONE,
2024-12-22 19:59:21.181 ,V0GRPKUDUFTY,91282CLW9,BUY,3000000,100-000,DONE,
2024-12-22 19:59:21.181 ,WPHK7QNJPG5W,91282CLW9,SELL,4000000,100-000,DONE,
2024-12-22 19:59:21.181 ,OCYP20RJGKZ4,91282CLW9,BUY,5000000,100-000,DONE,
2024-12-22 19:59:21.181 ,NV3Q7A7LXOXN,912810UF3,SELL,1000000,100-000,DONE,
2024-12-22 19:59:21.181 ,XDTFKMK1R6L3,912810UF3,BUY,2000000,100-000,DONE,
2024-12-22 19:59:21.181 ,JA5UQBOE5RBS,912810UF3,SELL,3000000,100-000,DONE,
2024-12-22 19:59:21.181 ,EN3M7X74SHPE,912810UF3,BUY,4000000,100-000,DONE,
2024-12-22 19:59:21.181 ,HM2E1UKD4UNU,912810UF3,SELL,5000000,100-000,DONE,
2024-12-22 19:59:21.181 ,OTZE5J9VJ5FT,912810UF3,BUY,1000000,100-000,DONE,
2024-12-22 19:59:21.181 ,OU1VLUHVNUFM,912810UF3,SELL,2000000,100-000,DONE,
2024-12-22 19:59:21.181 ,090CQ147Y4UM,912810UF3,BUY,3000000,100-000,DONE,
2024-12-22 19:59:21.181 ,T5VXXGHEWVA4,912810UF3,SELL,4000000,100-000,DONE,
2024-12-22 19:59:21.181 ,VU0238D6BH2M,912810UF3,BUY,5000000,100-000,DONE,
2024-12-22 19:59:21.181 ,YL48CUNBHE0U,912810UE6,SELL,1000000,100-000,DONE,
2024-12-22 19:59:21.181 ,SE7MXXE15CCH,912810UE6,BUY,2000000,100-000,DONE,
2024-12-22 19:59:21.181 ,K0B8RG63ZKNW,912810UE6,SELL,3000000,100-000,DONE,
2024-12-22 19:59:21.181 ,F5JBD9X1UL20,912810UE6,BUY,4000000,100-000,DONE,
2024-12-22 19:59:21.181 ,20RL98B37D30,912810UE6,SELL,5000000,100-000,DONE,
2024-12-22 19:59:21.182 ,F3Y4979X57V4,912810UE6,BUY,1000000,100-000,DONE,
2024-12-22 19:59:21.182 ,H6GYJPZYCPRE,912810UE6,SELL,2000000,100-000,DONE,
2024-12-22 19:59:21.182 ,L1KY121UIESW,912810UE6,BUY,3000000,100-000,DONE,
2024-12-22 19:59:21.182 ,TLAMB1T1MQ9N,912810UE6,SELL,4000000,100-000,DONE,
2024-12-22 19:59:21.182 ,BPCM2CJRI0LV,912810UE6,BUY,5000000,100-000,DONE,
2024-12-22 20:22:26.860 ,I1YUIKFQ5C95,91282CLY5,SELL,1000000,100-000,DONE,
2024-12-22 20:22:26.860 ,0C5GPQBREM8D,91282CLY5,BUY,2000000,100-000,DONE,
2024-12-22 20:22:26.860 ,7KWDX2WBXF5T,91282CLY5,SELL,3000000,100-000,DONE,
2024-12-22 20:22:26.860 ,N900U6WCQGOE,91282CLY5,BUY,4000000,100-000,DONE,
2024-12-22 20:22:26.860 ,OUQAVJ2AF2EP,91282CLY5,SELL,5000000,100-000,DONE,
2024-12-22 20:22:26.860 ,2KWOFBGK5L2F,91282CLY5,BUY,1000000,100-000,DONE,
2024-12-22 20:22:26.860 ,CVVYG94G3O75,91282CLY5,SELL,2000000,100-000,DONE,
2024-12-22 20:22:26.860 ,R624UM4J7D8P,91282CLY5,BUY,3000000,100-000,DONE,
2024-12-22 20:22:26.860 ,BTULX6GA699D,91282CLY5,SELL,4000000,100-000,DONE,
2024-12-22 20:22:26.860 ,1VI3G0VQO1HX,91282CLY5,BUY,5000000,100-000,DONE,
2024-12-22 20:22:26.860 ,DWPK22M66VAW,91282CMB4,SELL,1000000,100-000,DONE,
2024-12-22 20:22:26.860 ,IABTYBTI47EN,91282CMB4,BUY,2000000,100-000,DONE,
2024-12-22 20:22:26.860 ,3Z9TRQMUN0QH,91282CMB4,SELL,3000000,100-000,DONE,
2024-12-22 20:22:26.860 ,BBW8V72RS49J,91282CMB4,BUY,4000000,100-000,DONE,
2024-12-22 20:22:26.860 ,VIDXRBLX10Z3,91282CMB4,SELL,5000000,100-000,DONE,
2024-12-22 20:22:26.861 ,SITEKU3X0GMQ,91282CMB4,BUY,1000000,100-000,DONE,
2024-12-22 20:22:26.861 ,TG0L3FNVO17I,91282CMB4,SELL,2000000,100-000,DONE,
2024-12-22 20:22:26.861 ,TD5TAH4K7XER,91282CMB4,BUY,3000000,100-000,DONE,
2024-12-22 20:22:26.861 ,R2HI1JKPLYFU,91282CMB4,SELL,4000000,100-000,DONE,
2024-12-22 20:22:26.861 ,CHRNG29C0XVA,91282CMB4,BUY,5000000,100-000,DONE,
2024-12-22 20:22:26.861 ,J1Q0G6UBVPRD,91282CMA6,SELL,1000000,100-000,DONE,
2024-12-22 20:22:26.861 ,HT167LR4V2AU,91282CMA6,BUY,2000000,100-000,DONE,
2024-12-22 20:22:26.861 ,TJ9HLUS1APT9,91282CMA6,SELL,3000000,100-000,DONE,
2024-12-22 20:22:26.861 ,MOCTDRRPOAOT,91282CMA6,BUY,4000000,100-000,DONE,
2024-12-22 20:22:26.861 ,9053LOERXCJ6,91282CMA6,SELL,5000000,100-000,DONE,
2024-12-22 20:22:26.861 ,NG686VOG84U2,91282CMA6,BUY,1000000,100-000,DONE,
2024-12-22 20:22:26.861 ,LMF002XAD4ZY,91282CMA6,SELL,2000000,100-000,DONE,
2024-12-22 20:22:26.861 ,3TC9OQ8817GU,91282CMA6,BUY,3000000,100-000,DONE,
2024-12-22 20:22:26.861 ,V30Y07AX4CDP,91282CMA6,SELL,4000000,100-000,DONE,
2024-12-22 20:22:26.861 ,69KIJCW08FLF,91282CMA6,BUY,5000000,100-000,DONE,
2024-12-22 20:22:26.861 ,AYMDMTTY6HUO,91282CLZ2,SELL,1000000,100-000,DONE,
2024-12-22 20:22:26.861 ,1NM1R7VZDD6J,91282CLZ2,BUY,2000000,100-000,DONE,
2024-12-22 20:22:26.861 ,CF6P6XPVLFV2,91282CLZ2,SELL,3000000,100-000,DONE,
2024-12-22 20:22:26.861 ,KBHFYZBXTNHY,91282CLZ2,BUY,4000000,100-000,DONE,
2024-12-22 20:22:26.861 ,3OF9RNC1R7VQ,91282CLZ2,SELL,5000000,100-000,DONE,
2024-12-22 20:22:26.861 ,5IA5S7C7MWD4,91282CLZ2,BUY,1000000,100-000,DONE,
2024-12-22 20:22:26.861 ,EDL1ITUEVOFH,91282CLZ2,SELL,2000000,100-000,DONE,
2024-12-22 20:22:26.861 ,6WVA2BPNUY6Y,91282CLZ2,BUY,3000000,100-000,DONE,
2024-12-22 20:22:26.861 ,H2A7HGA9DODV,91282CLZ2,SELL,4000000,100-000,DONE,
2024-12-22 20:22:26.861 ,KLQQZ2P7P3XX,91282CLZ2,BUY,5000000,100-000,DONE,
2024-12-22 20:22:26.861 ,8WCDMQCTLVH5,91282CLW9,SELL,1000000,100-000,DONE,
2024-12-22 20:22:26.861 ,0KR4HV31XJR6,91282CLW9,BUY,2000000,100-000,DONE,
2024-12-22 20:22:26.861 ,40456EBTN1AX,91282CLW9,SELL,3000000,100-000,DONE,
2024-12-22 20:22:26.861 ,3J5SBYCFX5OU,91282CLW9,BUY,4000000,100-000,DONE,
2024-12-22 20:22:26.861 ,TEZNF1FN42EQ,91282CLW9,SELL,5000000,100-000,DONE,
2024-12-22 20:22:26.861 ,X54ZCP5ZHVA9,91282CLW9,BUY,1000000,100-000,DONE,
2024-12-22 20:22:26.861 ,TLIH5UST6ZCS,91282CLW9,SELL,2000000,100-000,DONE,
2024-12-22 20:22:26.861 ,AEYAVK6KHDS9,91282CLW9,BUY,3000000,100-000,DONE,
2024-12-22 20:22:26.861 ,5W1JRKVC00QO,91282CLW9,SELL,4000000,100-000,DONE,
2024-12-22 20:22:26.861 ,MCW5R6R4WR73,91282CLW9,BUY,5000000,100-000,DONE,
2024-12-22 20:22:26.861 ,DWIX8QSJCXLM,912810UF3,SELL,1000000,100-000,DONE,
2024-12-22 20:22:26.861 ,LGK9D9VCQOTP,912810UF3,BUY,2000000,100-000,DONE,
2024-12-22 20:22:26.861 ,TM74A9M2WNH6,912810UF3,SELL,3000000,100-000,DONE,
2024-12-22 20:22:26.861 ,813NTHEZDV9I,912810UF3,BUY,4000000,100-000,DONE,
2024-12-22 20:22:26.861 ,QF6QI5BJ9Y4O,912810UF3,SELL,5000000,100-000,DONE,
2024-12-22 20:22:26.861 ,P2DESYFSPL33,912810UF3,BUY,1000000,100-000,DONE,
2024-12-22 20:22:26.861 ,RIW2941JINST,912810UF3,SELL,2000000,100-000,DONE,
2024-12-22 20:22:26.861 ,F9Y9Q8V9FMO8,912810UF3,BUY,3000000,100-000,DONE,
2024-12-22 20:22:26.861 ,S0JIFJ177UUO,912810UF3,SELL,4000000,100-000,DONE,
2024-12-22 20:22:26.861 ,18M9MR4V6SU0,912810UF3,BUY,5000000,100-000,DONE,
2024-12-22 20:22:26.861 ,NW11W1HYD68U,912810UE6,SELL,1000000,100-000,DONE,
2024-12-22 20:22:26.861 ,4HN52A41R4AZ,912810UE6,BUY,2000000,100-000,DONE,
2024-12-22 20:22:26.861 ,PC5NCYOO11RW,912810UE6,SELL,3000000,100-000,DONE,
2024-12-22 20:22:26.861 ,WNEXJJWOTMKQ,912810UE6,BUY,4000000,100-000,DONE,
2024-12-22 20:22:26.861 ,YS22F4T4DIPD,912810UE6,SELL,5000000,100-000,DONE,
2024-12-22 20:22:26.861 ,X84UH2U1CGZ4,912810UE6,BUY,1000000,100-000,DONE,
2024-12-22 20:22:26.861 ,KFFAKQPNOPPL,912810UE6,SELL,2000000,100-000,DONE,
2024-12-22 20:22:26.861 ,Q4CMDWI2BMUN,912810UE6,BUY,3000000,100-000,DONE,
2024-12-22 20:22:26.861 ,24ORHGLDNXJV,912810UE6,SELL,4000000,100-000,DONE,
2024-12-22 20:22:26.861 ,5SOYZY6ZFZJQ,912810UE6,BUY,5000000,100-000,DONE,
2024-12-22 20:25:55.972 ,CMG5MFH67UD1,91282CLY5,SELL,1000000,100-000,DONE,
2024-12-22 20:25:55.972 ,LDDMX7573X19,91282CLY5,BUY,2000000,100-000,DONE,
2024-12-22 20:25:55.972 ,VRFMT0S0ZST5,91282CLY5,SELL,3000000,100-000,DONE,
2024-12-22 20:25:55.972 ,4FM37OCPY1OO,91282CLY5,BUY,4000000,100-000,DONE,
2024-12-22 20:25:55.972 ,HZI8QM1N3HQ8,91282CLY5,SELL,5000000,100-000,DONE,
2024-12-22 20:25:55.972 ,3RXRSY50I4BO,91282CLY5,BUY,1000000,100-000,DONE,
2024-12-22 20:25:55.972 ,L7E5DCB3FD27,91282CLY5,SELL,2000000,100-000,DONE,
2024-12-22 20:25:55.972 ,HC5GNJ7OT8JT,91282CLY5,BUY,3000000,100-000,DONE,
2024-12-22 20:25:55.972 ,VT8TSSVRW3OC,91282CLY5,SELL,4000000,100-000,DONE,
2024-12-22 20:25:55.972 ,TVC9GQ7VNA9Z,91282CLY5,BUY,5000000,100-000,DONE,
2024-12-22 20:25:55.972 ,PYYWEJ0Q980M,91282CMB4,SELL,1000000,100-000,DONE,
2024-12-22 20:25:55.972 ,8Q4ROTBA72KQ,91282CMB4,BUY,2000000,100-000,DONE,
2024-12-22 20:25:55.973 ,4GVIPSY892NN,91282CMB4,SELL,3000000,100-000,DONE,
2024-12-22 20:25:55.973 ,5V3UKO39ALFK,91282CMB4,BUY,4000000,100-000,DONE,
2024-12-22 20:25:55.973 ,QTTBMI70WKTJ,91282CMB4,SELL,5000000,100-000,DONE,
2024-12-22 20:25:55.973 ,A0OVVKPDQRC1,91282CMB4,BUY,1000000,100-000,DONE,
2024-12-22 20:25:55.973 ,HCHPVMY0OCRE,91282CMB4,SELL,2000000,100-000,DONE,
2024-12-22 20:25:55.973 ,10DCIAVPYVF4,91282CMB4,BUY,3000000,100-000,DONE,
2024-12-22 20:25:55.973 ,29X7VT0KPW3A,91282CMB4,SELL,4000000,100-000,DONE,
2024-12-22 20:25:55.973 ,U4GPU2MTQ5XN,91282CMB4,BUY,5000000,100-000,DONE,
2024-12-22 20:25:55.973 ,Y57MIHF1UH3E,91282CMA6,SELL,1000000,100-000,DONE,
2024-12-22 20:25:55.973 ,MIFD17GXGDTQ,91282CMA6,BUY,2000000,100-000,DONE,
2024-12-22 20:25:55.973 ,M2ILTNITECVQ,91282CMA6,SELL,3000000,100-000,DONE,
2024-12-22 20:25:55.973 ,QSSAU8PSYCKI,91282CMA6,BUY,4000000,100-000,DONE,
2024-12-22 20:25:55.973 ,O7H3KA1U6CS6,91282CMA6,SELL,5000000,100-000,DONE,
2024-12-22 20:25:55.973 ,MBUGRZK10ALF,91282CMA6,BUY,1000000,100-000,DONE,
2024-12-22 20:25:55.973 ,L8F5PLHVB76J,91282CMA6,SELL,2000000,100-000,DONE,
2024-12-22 20:25:55.973 ,G12O7VZGHISA,91282CMA6,BUY,3000000,100-000,DONE,
2024-12-22 20:25:55.973 ,V47CETJQEF7E,91282CMA6,SELL,4000000,100-000,DONE,
2024-12-22 20:25:55.973 ,5DFREQUFEGMS,91282CMA6,BUY,5000000,100-000,DONE,
2024-12-22 20:25:55.973 ,AO1LPR31C3AJ,91282CLZ2,SELL,1000000,100-000,DONE,
2024-12-22 20:25:55.973 ,79NNC4M2T0KG,91282CLZ2,BUY,2000000,100-000,DONE,
2024-12-22 20:25:55.973 ,6IASUNK3LMT7,91282CLZ2,SELL,3000000,100-000,DONE,
2024-12-22 20:25:55.973 ,W12YVXKYEIUL,91282CLZ2,BUY,4000000,100-000,DONE,
2024-12-22 20:25:55.973 ,ZY94IAS684ON,91282CLZ2,SELL,5000000,100-000,DONE,
2024-12-22 20:25:55.973 ,D0YNK44D8AWL,91282CLZ2,BUY,1000000,100-000,DONE,
2024-12-22 20:25:55.973 ,F7PKHL9G9CC5,91282CLZ2,SELL,2000000,100-000,DONE,
2024-12-22 20:25:55.973 ,D27WI6B71J7R,91282CLZ2,BUY,3000000,100-000,DONE,
2024-12-22 20:25:55.973 ,AKP2PGGH1TQF,91282CLZ2,SELL,4000000,100-000,DONE,
2024-12-22 20:25:55.973 ,U6IWPPVCIIWO,91282CLZ2,BUY,5000000,100-000,DONE,
2024-12-22 20:25:55.973 ,QIHSHP2IIXZI,91282CLW9,SELL,1000000,100-000,DONE,
2024-12-22 20:25:55.973 ,OSQKIGG1NC5Z,91282CLW9,BUY,2000000,100-000,DONE,
2024-12-22 20:25:55.973 ,LL58XEW3NGIQ,91282CLW9,SELL,3000000,100-000,DONE,
2024-12-22 20:25:55.973 ,4LLZRSX56RUK,91282CLW9,BUY,4000000,100-000,DONE,
2024-12-22 20:25:55.973 ,WEZRLTO6Y0KK,91282CLW9,SELL,5000000,100-000,DONE,
2024-12-22 20:25:55.973 ,4E3QPBYDF8Y6,91282CLW9,BUY,1000000,100-000,DONE,
2024-12-22 20:25:55.973 ,A99QBWGFMYLX,91282CLW9,SELL,2000000,100-000,DONE,
2024-12-22 20:25:55.973 ,L1G2N8LIDUOQ,91282CLW9,BUY,3000000,100-000,DONE,
2024-12-22 20:25:55.973 ,5WV59N4Y1I0O,91282CLW9,SELL,4000000,100-000,DONE,
2024-12-22 20:25:55.973 ,355MI04KL6QC,91282CLW9,BUY,5000000,100-000,DONE,
2024-12-22 20:25:55.973 ,G2R2YARXJDVG,912810UF3,SELL,1000000,100-000,DONE,
2024-12-22 20:25:55.973 ,HH0TK6L79XHW,912810UF3,BUY,2000000,100-000,DONE,
2024-12-22 20:25:55.973 ,LFPOOPWJY174,912810UF3,SELL,3000000,100-000,DONE,
2024-12-22 20:25:55.973 ,TO67J1PV2THZ,912810UF3,BUY,4000000,100-000,DONE,
2024-12-22 20:25:55.973 ,F8E7N96FA6MB,912810UF3,SELL,5000000,100-000,DONE,
2024-12-22 20:25:55.973 ,E957NJZMA03N,912810UF3,BUY,1000000,100-000,DONE,
2024-12-22 20:25:55.973 ,ES7CRIBHFZ8I,912810UF3,SELL,2000000,100-000,DONE,
2024-12-22 20:25:55.973 ,7BQSVD1DSLVS,912810UF3,BUY,3000000,100-000,DONE,
2024-12-22 20:25:55.973 ,OE57YQNHPUM2,912810UF3,SELL,4000000,100-000,DONE,
2024-12-22 20:25:55.973 ,C8Y17VS9I39T,912810UF3,BUY,5000000,100-000,DONE,
2024-12-22 20:25:55.973 ,QO14WH8BWTJJ,912810UE6,SELL,1000000,100-000,DONE,
2024-12-22 20:25:55.973 ,5GH88M6MVMB9,912810UE6,BUY,2000000,100-000,DONE,
2024-12-22 20:25:55.973 ,OPS2HB47GNOA,912810UE6,SELL,3000000,100-000,DONE,
2024-12-22 20:25:55.973 ,0T55Y7DF0M93,912810UE6,BUY,4000000,100-000,DONE,
2024-12-22 20:25:55.973 ,JGQLBUHKBAEW,912810UE6,SELL,5000000,100-000,DONE,
2024-12-22 20:25:55.973 ,B7LN05R9F4RF,912810UE6,BUY,1000000,100-000,DONE,
2024-12-22 20:25:55.973 ,OB0ESP3REC6O,912810UE6,SELL,2000000,100-000,DONE,
2024-12-22 20:25:55.973 ,4ECMRQDL1L44,912810UE6,BUY,3000000,100-000,DONE,
2024-12-22 20:25:55.973 ,9HE3V3NDX545,912810UE6,SELL,4000000,100-000,DONE,
2024-12-22 20:25:55.973 ,8GVGJN2AM2Z1,912810UE6,BUY,5000000,100-000,DONE,
2024-12-22 20:29:23.311 ,F0S1G6PKPZ7T,91282CLY5,SELL,1000000,100-000,DONE,
2024-12-22 20:29:23.311 ,VP0VFZ8JLGXQ,91282CLY5,BUY,2000000,100-000,DONE,
2024-12-22 20:29:23.311 ,RJO65FPB7Q6B,91282CLY5,SELL,3000000,100-000,DONE,
2024-12-22 20:29:23.311 ,OUAA3AI1EL3E,91282CLY5,BUY,4000000,100-000,DONE,
2024-12-22 20:29:23.311 ,FPLHFIT385QG,91282CLY5,SELL,5000000,100-000,DONE,
2024-12-22 20:29:23.311 ,VYKC26HTAWEH,91282CLY5,BUY,1000000,100-000,DONE,
2024-12-22 20:29:23.311 ,AZJKYTXE170W,91282CLY5,SELL,2000000,100-000,DONE,
2024-12-22 20:29:23.311 ,N0WKQQYV7TOQ,91282CLY5,BUY,3000000,100-000,DONE,
2024-12-22 20:29:23.311 ,DXM7K7EIURS9,91282CLY5,SELL,4000000,100-000,DONE,
2024-12-22 20:29:23.311 ,0L85JIXB8N19,91282CLY5,BUY,5000000,100-000,DONE,
2024-12-22 20:29:23.311 ,PS3EGANGPEXT,91282CMB4,SELL,1000000,100-000,DONE,
2024-12-22 20:29:23.311 ,TXF2EBW9VTP5,91282CMB4,BUY,2000000,100-000,DONE,
2024-12-22 20:29:23.311 ,2H626HJR3LP6,91282CMB4,SELL,3000000,100-000,DONE,
2024-12-22 20:29:23.311 ,S6SPZIRK5QVF,91282CMB4,BUY,4000000,100-000,DONE,
2024-12-22 20:29:23.311 ,T6DRQSOJUAK8,91282CMB4,SELL,5000000,100-000,DONE,
2024-12-22 20:29:23.311 ,0PJYTQ3JX1QK,91282CMB4,BUY,1000000,100-000,DONE,
2024-12-22 20:29:23.311 ,RIM6UAWYXLD8,91282CMB4,SELL,2000000,100-000,DONE,
2024-12-22 20:29:23.311 ,CRXS1S9NFK1X,91282CMB4,BUY,3000000,100-000,DONE,
2024-12-22 20:29:23.311 ,GMYRLAN8UYNK,91282CMB4,SELL,4000000,100-000,DONE,
2024-12-22 20:29:23.311 ,N4M0FWPXODZV,91282CMB4,BUY,5000000,100-000,DONE,
2024-12-22 20:29:23.311 ,4IFYH67J6CMM,91282CMA6,SELL,1000000,100-000,DONE,
2024-12-22 20:29:23.311 ,057N31WVX1MP,91282CMA6,BUY,2000000,100-000,DONE,
2024-12-22 20:29:23.311 ,GB05OZ7UN03T,91282CMA6,SELL,3000000,100-000,DONE,
2024-12-22 20:29:23.311 ,JRRMN8R66ZSH,91282CMA6,BUY,4000000,100-000,DONE,
2024-12-22 20:29:23.311 ,ZPF5DU9K78PH,91282CMA6,SELL,5000000,100-000,DONE,
2024-12-22 20:29:23.311 ,ZF0YQMYO1U39,91282CMA6,BUY,1000000,100-000,DONE,
2024-12-22 20:29:23.311 ,PHLHBYVU8GX3,91282CMA6,SELL,2000000,100-000,DONE,
2024-12-22 20:29:23.311 ,JKMPEE4JF85X,91282CMA6,BUY,3000000,100-000,DONE,
2024-12-22 20:29:23.311 ,L8WA77O7AL7W,91282CMA6,SELL,4000000,100-000,DONE,
2024-12-22 20:29:23.311 ,HVWGJJ5MXX6D,91282CMA6,BUY,5000000,100-000,DONE,
2024-12-22 20:29:23.311 ,G0Z28PF9JDO9,91282CLZ2,SELL,1000000,100-000,DONE,
2024-12-22 20:29:23.311 ,BMXYJS95NXX4,91282CLZ2,BUY,2000000,100-000,DONE,
2024-12-22 20:29:23.311 ,K1MCK13TZCJJ,91282CLZ2,SELL,3000000,100-000,DONE,
2024-12-22 20:29:23.311 ,05LQA6KXXWJF,91282CLZ2,BUY,4000000,100-000,DONE,
2024-12-22 20:29:23.311 ,M6TPG70N5AWO,91282CLZ2,SELL,5000000,100-000,DONE,
2024-12-22 20:29:23.311 ,6ZXNPTQYDDHF,91282CLZ2,BUY,1000000,100-000,DONE,
2024-12-22 20:29:23.311 ,FAMLGS3CSQ18,91282CLZ2,SELL,2000000,100-000,DONE,
2024-12-22 20:29:23.311 ,JU8578K8XRXJ,91282CLZ2,BUY,3000000,100-000,DONE,
2024-12-22 20:29:23.311 ,A4KHW9IS8H33,91282CLZ2,SELL,4000000,100-000,DONE,
2024-12-22 20:29:23.311 ,JP2OYVRWR5FA,91282CLZ2,BUY,5000000,100-000,DONE,
2024-12-22 20:29:23.311 ,FT11KYQHBB47,91282CLW9,SELL,1000000,100-000,DONE,
2024-12-22 20:29:23.311 ,27VIIP3L9S7Y,91282CLW9,BUY,2000000,100-000,DONE,
2024-12-22 20:29:23.311 ,HF15YE4HMPKC,91282CLW9,SELL,3000000,100-000,DONE,
2024-12-22 20:29:23.312 ,M2UVODPQ8RKF,91282CLW9,BUY,4000000,100-000,DONE,
2024-12-22 20:29:23.312 ,LSMD3IXJMMIW,91282CLW9,SELL,5000000,100-000,DONE,
2024-12-22 20:29:23.312 ,WB9OLP5HK5BN,91282CLW9,BUY,1000000,100-000,DONE,
2024-12-22 20:29:23.312 ,U6VNNS6C7B45,91282CLW9,SELL,2000000,100-000,DONE,
2024-12-22 20:29:23.312 ,5Q06NIATGLYL,91282CLW9,BUY,3000000,100-000,DONE,
2024-12-22 20:29:23.312 ,U1YEGFB0461K,91282CLW9,SELL,4000000,100-000,DONE,
2024-12-22 20:29:23.312 ,UFHKJHOKX544,91282CLW9,BUY,5000000,100-000,DONE,
2024-12-22 20:29:23.312 ,2TVMSI5JNJTT,912810UF3,SELL,1000000,100-000,DONE,
2024-12-22 20:29:23.312 ,PWW2YGMN1BWZ,912810UF3,BUY,2000000,100-000,DONE,
2024-12-22 20:29:23.312 ,66BV8RUCCCXN,912810UF3,SELL,3000000,100-000,DONE,
2024-12-22 20:29:23.312 ,5D1M7MH96DNG,912810UF3,BUY,4000000,100-000,DONE,
2024-12-22 20:29:23.312 ,Q8Q8QU161H6G,912810UF3,SELL,5000000,100-000,DONE,
2024-12-22 20:29:23.312 ,NOVCYUYJD6BL,912810UF3,BUY,1000000,100-000,DONE,
2024-12-22 20:29:23.312 ,5U0QK6VU50SH,912810UF3,SELL,2000000,100-000,DONE,
2024-12-22 20:29:23.312 ,2176SEHAQMLH,912810UF3,BUY,3000000,100-000,DONE,
2024-12-22 20:29:23.312 ,1XPJ4GGW3I6S,912810UF3,SELL,4000000,100-000,DONE,
2024-12-22 20:29:23.312 ,ZE9U8Y6NHRQG,912810UF3,BUY,5000000,100-000,DONE,
2024-12-22 20:29:23.312 ,LIK2OQEFB1RD,912810UE6,SELL,1000000,100-000,DONE,
2024-12-22 20:29:23.312 ,LP08YOIAG72S,912810UE6,BUY,2000000,100-000,DONE,
2024-12-22 20:29:23.312 ,3AK42UUPY4AZ,912810UE6,SELL,3000000,100-000,DONE,
2024-12-22 20:29:23.312 ,9GBFTMKAPZLE,912810UE6,BUY,4000000,100-000,DONE,
2024-12-22 20:29:23.312 ,DRBHTEQFZ1SR,912810UE6,SELL,5000000,100-000,DONE,
2024-12-22 20:29:23.312 ,Z4ZXNXBDYRC9,912810UE6,BUY,1000000,100-000,DONE,
2024-12-22 20:29:23.312 ,BH01BUCJ613K,912810UE6,SELL,2000000,100-000,DONE,
2024-12-22 20:29:23.312 ,ODLKR3FJ1H9B,912810UE6,BUY,3000000,100-000,DONE,
2024-12-22 20:29:23.312 ,D9G8ASS1R840,912810UE6,SELL,4000000,100-000,DONE,
2024-12-22 20:29:23.312 ,4N187YEF6J6F,912810UE6,BUY,5000000,100-000,DONE,
2024-12-22 20:33:40.568 ,9W40VLEMHO8G,91282CLY5,SELL,1000000,100-000,DONE,
2024-12-22 20:33:40.569 ,MMMGD6Z72GO1,91282CLY5,BUY,2000000,100-000,DONE,
2024-12-22 20:33:40.569 ,WH3SODQ6M4M4,91282CLY5,SELL,3000000,100-000,DONE,
2024-12-22 20:33:40.569 ,03P64WVM164B,91282CLY5,BUY,4000000,100-000,DONE,
2024-12-22 20:33:40.569 ,QDXJX981G64I,91282CLY5,SELL,5000000,100-000,DONE,
2024-12-22 20:33:40.569 ,C2BU6FDIIXER,91282CLY5,BUY,1000000,100-000,DONE,
2024-12-22 20:33:40.569 ,BRQ021QLICEK,91282CLY5,SELL,2000000,100-000,DONE,
2024-12-22 20:33:40.569 ,4VZFC43AP0V7,91282CLY5,BUY,3000000,100-000,DONE,
2024-12-22 20:33:40.569 ,3PR0QWSYJ1VH,91282CLY5,SELL,4000000,100-000,DONE,
2024-12-22 20:33:40.569 ,U67PGOLQ6QL3,91282CLY5,BUY,5000000,100-000,DONE,
2024-12-22 20:33:40.569 ,7E51AGPTXEG0,91282CMB4,SELL,1000000,100-000,DONE,
2024-12-22 20:33:40.569 ,33YMEKT0ID95,91282CMB4,BUY,2000000,100-000,DONE,
2024-12-22 20:33:40.569 ,R8SN1ZXEYL5E,91282CMB4,SELL,3000000,100-000,DONE,
2024-12-22 20:33:40.569 ,5Y5VNNGVMNWO,91282CMB4,BUY,4000000,100-000,DONE,
2024-12-22 20:33:40.569 ,K2BBWF4Y9JZU,91282CMB4,SELL,5000000,100-000,DONE,
2024-12-22 20:33:40.569 ,VRFWFKTA8T3X,91282CMB4,BUY,1000000,100-000,DONE,
2024-12-22 20:33:40.569 ,LMXKD9B8DWGE,91282CMB4,SELL,2000000,100-000,DONE,
2024-12-22 20:33:40.569 ,UJ18SCFL2BS0,91282CMB4,BUY,3000000,100-000,DONE,
2024-12-22 20:33:40.569 ,5WUKRAVEQAPS,91282CMB4,SELL,4000000,100-000,DONE,
2024-12-22 20:33:40.569 ,QNM80ZKN6HV9,91282CMB4,BUY,5000000,100-000,DONE,
2024-12-22 20:33:40.569 ,4WBJITAVQZF3,91282CMA6,SELL,1000000,100-000,DONE,
2024-12-22 20:33:40.569 ,9ZRG36EX0Q5T,91282CMA6,BUY,2000000,100-000,DONE,
2024-12-22 20:33:40.569 ,QMWP9WU7S4TO,91282CMA6,SELL,3000000,100-000,DONE,
2024-12-22 20:33:40.569 ,IW5WS16VWL1X,91282CMA6,BUY,4000000,100-000,DONE,
2024-12-22 20:33:40.569 ,LQ89EG3VQ6WY,91282CMA6,SELL,5000000,100-000,DONE,
2024-12-22 20:33:40.569 ,AV3CBRBMG6HY,91282CMA6,BUY,1000000,100-000,DONE,
2024-12-22 20:33:40.569 ,7NK9DKOG9A95,91282CMA6,SELL,2000000,100-000,DONE,
2024-12-22 20:33:40.570 ,9E4SIY7WJEST,91282CMA6,BUY,3000000,100-000,DONE,
2024-12-22 20:33:40.570 ,CW5MXZ0ER26A,91282CMA6,SELL,4000000,100-000,DONE,
2024-12-22 20:33:40.570 ,EJ434OKQ9W8T,91282CMA6,BUY,5000000,100-000,DONE,
2024-12-22 20:33:40.570 ,U3BEVZFAI5DQ,91282CLZ2,SELL,1000000,100-000,DONE,
2024-12-22 20:33:40.570 ,MLZ6FVOZB36A,91282CLZ2,BUY,2000000,100-000,DONE,
2024-12-22 20:33:40.570 ,CGVTXVA8M3MF,91282CLZ2,SELL,3000000,100-000,DONE,
2024-12-22 20:33:40.570 ,OZGR0NFTZOFY,91282CLZ2,BUY,4000000,100-000,DONE,
2024-12-22 20:33:40.570 ,ZN4INMFECCOJ,91282CLZ2,SELL,5000000,100-000,DONE,
2024-12-22 20:33:40.570 ,E2Q8Q1W2M62Q,91282CLZ2,BUY,1000000,100-000,DONE,
2024-12-22 20:33:40.570 ,61D2HHOVWMSM,91282CLZ2,SELL,2000000,100-000,DONE,
2024-12-22 20:33:40.570 ,27VQTJMY2SZL,91282CLZ2,BUY,3000000,100-000,DONE,
2024-12-22 20:33:40.570 ,L8RNTOOUYZWE,91282CLZ2,SELL,4000000,100-000,DONE,
2024-12-22 20:33:40.570 ,5YMJ0AD1VG7H,91282CLZ2,BUY,5000000,100-000,DONE,
2024-12-22 20:33:40.570 ,KJ2R5JBHOVGC,91282CLW9,SELL,1000000,100-000,DONE,
2024-12-22 20:33:40.570 ,XDDC68WFDVWI,91282CLW9,BUY,2000000,100-000,DONE,
2024-12-22 20:33:40.570 ,CN1GSA6NXGDH,91282CLW9,SELL,3000000,100-000,DONE,
2024-12-22 20:33:40.570 ,NKFW6MZN9VY4,91282CLW9,BUY,4000000,100-000,DONE,
2024-12-22 20:33:40.570 ,8DJTN2V7SCES,91282CLW9,SELL,5000000,100-000,DONE,
2024-12-22 20:33:40.570 ,OV7H2G6DWECP,91282CLW9,BUY,1000000,100-000,DONE,
2024-12-22 20:33:40.570 ,JLD2BS2KVXIW,91282CLW9,SELL,2000000,100-000,DONE,
2024-12-22 20:33:40.570 ,XUGZ2HZH1PRD,91282CLW9,BUY,3000000,100-000,DONE,
2024-12-22 20:33:40.570 ,MWB3JP9ZHR9U,91282CLW9,SELL,4000000,100-000,DONE,
2024-12-22 20:33:40.570 ,7AIF156KJ33F,91282CLW9,BUY,5000000,100-000,DONE,
2024-12-22 20:33:40.570 ,XJPPSS04YYK4,912810UF3,SELL,1000000,100-000,DONE,
2024-12-22 20:33:40.570 ,X372BCKGKINF,912810UF3,BUY,2000000,100-000,DONE,
2024-12-22 20:33:40.570 ,5JR8ZL55Y5ZL,912810UF3,SELL,3000000,100-000,DONE,
2024-12-22 20:33:40.570 ,968OCHCLW0YS,912810UF3,BUY,4000000,100-000,DONE,
2024-12-22 20:33:40.570 ,WIMLGNRWSVX0,912810UF3,SELL,5000000,100-000,DONE,
2024-12-22 20:33:40.570 ,P2KH2PXEI67J,912810UF3,BUY,1000000,100-000,DONE,
2024-12-22 20:33:40.570 ,R76A4A1B383M,912810UF3,SELL,2000000,100-000,DONE,
2024-12-22 20:33:40.570 ,5LIOWQSVAP4K,912810UF3,BUY,3000000,100-000,DONE,
2024-12-22 20:33:40.570 ,9NNYK7QVEDX4,912810UF3,SELL,4000000,100-000,DONE,
2024-12-22 20:33:40.570 ,P1FZ0KCWKVE4,912810UF3,BUY,5000000,100-000,DONE,
2024-12-22 20:33:40.570 ,SGXVMQB3IJ4A,912810UE6,SELL,1000000,100-000,DONE,
2024-12-22 20:33:40.570 ,TZY41Z3H1R3P,912810UE6,BUY,2000000,100-000,DONE,
2024-12-22 20:33:40.570 ,AFTS17LRA56X,912810UE6,SELL,3000000,100-000,DONE,
